=LDR  01551cam a2200433I  4500
=001  9915485784807426
=005  20240620172326.0
=008  861118s1906\\\\mnuaf\\\\\\\\\000\0\eng\\
=010  \\$a   07012693 
=016  7\$aCAT10723995$2DNAL
=035  \\$a330449
=035  \\$a(OCoLC)21242668
=035  \\$a(DNAL)330449-naldb-Voyager
=040  \\$aDLC$beng$cMFM$dOCL$dAGL$dOCLCF$dOCLCQ$dOCLCO
=049  \\$aRQIB
=050  00$aSF487$b.P875
=070  0\$a47$bP863
=072  \0$aN100
=072  \0$aN200
=245  00$aPoultry houses, coops and equipment.$bA book of new plans for building practical, up-to-date colony houses, continuous houses, roosting coops, brood coops, fixtures and utensils; for the farmer, the village poultry keeper and the exclusive poultry raiser ...
=260  \\$aSt. Paul, Minn.,$bWebb Pub. Co.$c[©1906]
=300  \\$a96 pages$billustrations, plates, diagrams$c19 cm
=336  \\$atext$btxt$2rdacontent
=337  \\$aunmediated$bn$2rdamedia
=338  \\$avolume$bnc$2rdacarrier
=591  \\$bNAL Reclamation
=593  \\$fAgricola CAT
=650  \0$aFarm buildings.$0http://id.loc.gov/authorities/subjects/sh85047200
=650  \0$aPoultry.$0http://id.loc.gov/authorities/subjects/sh85105892
=655  \3$aInternet resource.
=856  41$uhttps://archive.org/details/poultryhousescoo00unse
=911  \\$ichl00017858
=912  \\$analcatalog
=930  \\$a20160525$b20160603$c00000000
=939  \\$a20140702$b20140807$c00000000
=945  \\$aDigiMet
=945  \\$p102
=946  \\$aOther US
=994  \\$a92$bAGL

