=LDR  02204cam a2200613Ia 4500
=001  9915486565707426
=005  20240624192310.0
=008  000114s1945\\\\dcua\\\\\b\\\f000\0\eng\d
=016  7\$aCAT11061779$2DNAL
=035  \\$a841634
=035  \\$a(OCoLC)02711833
=035  \\$a(DNAL)841634-naldb-Voyager
=040  \\$aN.Y.P.L.$beng$cTXU$dAGL$dOCLCQ$dEYM$dAMAZN$dMUU$dOCLCF$dOCLCQ$dOCLCO$dAGM$dOCLCA$dOCL
=043  \\$an-ust--
=049  \\$aAGLL
=050  10$aQE581.B76$bR38
=070  0\$a1.96$bAd67Tp no. 58
=072  \0$aX400
=086  0\$aA 57.15:58
=100  1\$aBrown, Carl B.$q(Carl Barrier),$d1910-1963.
=245  10$aRates of sediment production in southwestern United States /$cby Carl B. Brown.
=260  \\$a[Washington],$c1945.
=300  \\$a40 pages :$billustrations ;$c27 cm.
=336  \\$atext$btxt$2rdacontent
=337  \\$aunmediated$bn$2rdamedia
=338  \\$avolume$bnc$2rdacarrier
=490  1\$aSCS-TP ;$v58
=504  \\$aIncludes bibliographical references (pages 38-40).
=530  \\$aAlso issued online.
=591  \\$bNAL Reclamation
=593  \\$fAgricola CAT
=650  \0$aSediments (Geology)$zSouthwest, New.
=650  \0$aSedimentation and deposition$zSouthwest, New.
=650  \3$aSediments.
=651  \3$aSouthwestern United States.
=651  \7$aNew Southwest.$2fast$0(OCoLC)fst01244556
=655  \3$aInternet resource.
=710  1\$aUnited States.$bSoil Conservation Service.$0http://id.loc.gov/authorities/names/n78085479
=776  08$iOnline version:$aBrown, Carl B. (Carl Barrier), 1910-$tRates of sediment production in southwestern United States.$d[Washington], 1945$w(OCoLC)606497076
=830  \0$aSCS-TP ;$v58.
=856  41$uhttps://archive.org/details/ratesofsedimentp58brow
=912  \\$analcatalog
=930  \\$a20140702$b20140807$c00000000
=938  \\$aAMAZON$bAMZN$nB003AM94G6
=939  \\$a20140115$b20140207$c00000000
=939  \\$a20130117$b20130201$c00000000
=939  \\$a20000202$b20000208$c00000000
=945  \\$dAR$e2000/01/14$fAR$g20000/01/14
=945  \\$p62
=945  \\$aDigiMet
=945  \\$aDigiMet
=946  \\$aUSDA
=958  \\$aresource$be$c2014-01-15$dn$ejondusko$hrecon
=994  \\$a92$bAGL

