=LDR  01601cam a2200445Ia 4500
=001  9915486621107426
=005  20240620175852.0
=008  000113s1982\\\\mdu\\\\\\\\\\f000\0\eng\\
=016  7\$aCAT11061757$2DNAL
=035  \\$a841622
=035  \\$a(OCoLC)43271796
=035  \\$a(DNAL)841622-naldb-Voyager
=040  \\$aAGL$beng$cAGL$dOCLCQ$dOCLCF$dOCLCO$dOCLCQ$dAGL
=043  \\$an-us---
=049  \\$aAGLL
=070  0\$aaSF967.B7$bU54 1982
=072  \0$aL832
=110  1\$aUnited States.$bAnimal and Plant Health Inspection Service.$bVeterinary Services.$0http://id.loc.gov/authorities/names/n81011192
=245  10$aAmendments to brucellosis eradication uniform methods and rules :$beffective May 1, 1982.
=260  \\$a[Hyattsville, Md.?] :$bU.S. Dept. of Agriculture, Animal and Plant Health Inspection Service, Veterinary Services,$c[1982]
=300  \\$aiv, 46 pages ;$c28 cm
=336  \\$atext$btxt$2rdacontent
=337  \\$aunmediated$bn$2rdamedia
=338  \\$avolume$bnc$2rdacarrier
=591  \\$bNAL Reclamation
=593  \\$fAgricola CAT
=650  \0$aBrucellosis in animals$zUnited States.
=650  \0$aCattle$xDiseases$zUnited States.
=651  \7$aUnited States.$2fast$0(OCoLC)fst01204155
=655  \3$aInternet resource.
=856  41$uhttps://archive.org/details/amendmentstobruc01unit
=912  \\$analcatalog
=930  \\$a20140411$b20140502$c00000000
=939  \\$a20130304$b20130404$c00000000
=939  \\$a20000202$b20000208$c00000000
=945  \\$dARS$e2000/01/12$fJR$g2000/01/13
=945  \\$p69
=945  \\$aDigiMet
=946  \\$aUSDA
=994  \\$a92$bAGL

