=LDR  04951cas a2201573 a 4500
=001  9915486637607426
=005  20240624192335.0
=008  000919d19391963pr\fr\p\\\\\\f0\\\\0eng\\
=010  \\$as  40000008 $z   54000008 
=016  7\$aCAT11081185$2DNAL
=019  \\$a225539802$a1029968984$a1035218894
=035  \\$a854342
=035  \\$a(OCoLC)01553363$z(OCoLC)225539802$z(OCoLC)1029968984$z(OCoLC)1035218894
=035  \\$a(DNAL)854342-naldb-Voyager
=035  \\$z(OCoLC)225539802$z(OCoLC)1029968984$z(OCoLC)1035218894
=040  \\$aMUL$beng$cMUL$dOCL$dCLE$dVXG$dOCL$dOCLCQ$dAU@$dUBC$dAGL$dDLC$dOCLCA$dOCLCQ$dOCLCA$dOCLCF$dOCLCO$dPAU$dOCLCQ
=041  0\$aeng$bspa
=042  \\$apcc
=043  \\$acc-----$aw------
=049  \\$aAGLL
=050  00$aSD1$b.C25
=070  0\$a1.9622$bT2C23
=072  \0$aK100
=245  04$aThe Caribbean forester.
=260  \\$aRio Piedras, P.R. :$bTropical Forest Experiment Station, United States Forest Service,$c[1939]-1963.
=300  \\$a24 volumes :$billustrations ;$c28 cm
=310  \\$aSemiannual,$b1954-1963
=321  \\$aQuarterly,$b1939-1953
=336  \\$atext$btxt$2rdacontent
=337  \\$aunmediated$bn$2rdamedia
=338  \\$avolume$bnc$2rdacarrier
=362  0\$aVol. 1, no. 1 (Oct. 1939)-v. 24, no. 2 (1963).
=525  \\$aSome issues accompanied by unnumbered supplements.
=546  \\$aEnglish with abstracts in Spanish.
=550  \\$aIssued by: Tropical Forest Experiment Station, 1939-1956; Tropical Forest Research Center, 1957-1960; Institute of Tropical Forestry, 1961-1963.
=550  \\$aEdited by Southern Forest Experiment Station, New Orleans, La, Oct. 1939-July 1941.
=555  \\$aV. 1-10, 1939-1949. 1 v.; v. 11-20, 1949-1959, in v. 20, nos. 3-4; v. 1-24, 1939-1963, in v. 24, no. 2.
=580  \\$aSuperseded by its Forest Service research paper ITF and its U.S. Forest Service research note ITF.
=591  \\$bNAL Reclamation
=593  \\$fAgricola CAT
=650  \0$aForests and forestry$zCaribbean Area$vPeriodicals.
=650  \0$aForests and forestry$zTropics$vPeriodicals.
=651  \7$aCaribbean Area.$2fast$0(OCoLC)fst01244080
=651  \7$aTropics.$2fast$0(OCoLC)fst01240674
=655  \3$aInternet resource.
=655  \7$aPeriodicals.$2fast$0(OCoLC)fst01411641
=710  2\$aTropical Forest Experiment Station (Río Piedras, San Juan, P.R.)$0http://id.loc.gov/authorities/names/no2010063384
=710  2\$aTropical Forest Research Center (Río Piedras, San Juan, P.R.)$0http://id.loc.gov/authorities/names/no2010063385
=710  2\$aInstitute of Tropical Forestry (Río Piedras, San Juan, P.R.)$0http://id.loc.gov/authorities/names/n50064401
=710  2\$aSouthern Forest Experiment Station (New Orleans, La.)
=776  08$iOnline version:$tCaribbean forester$w(OCoLC)633310317
=785  00$aInstitute of Tropical Forestry (Río Piedras, San Juan, P.R.).$tForest Service research paper ITF$x0565-6338$w(OCoLC)2671049
=785  00$tU.S. Forest Service research note ITF$x0565-6346$w(DLC)agr66000014$w(OCoLC)2749353
=850  \\$aDLC$aDNAL
=856  41$uhttps://archive.org/details/usda-caribbeanforester
=912  \\$analcatalog
=930  \\$a20140812$b20140905$c00000000
=939  \\$a20100413$b20100501$c00000000
=945  \\$aSRC2009
=945  \\$vpt. 1
=945  \\$p150
=945  \\$aDigiMet
=945  \\$vpt. 2
=945  \\$p222
=945  \\$aDigiMet
=945  \\$vpt. 3
=945  \\$p198
=945  \\$aDigiMet
=945  \\$vpt. 4
=945  \\$p216
=945  \\$aDigiMet
=945  \\$vpt. 5
=945  \\$p232
=945  \\$aDigiMet
=945  \\$vpt. 6
=945  \\$p440
=945  \\$aDigiMet
=945  \\$vpt. 7
=945  \\$p740
=945  \\$aDigiMet
=945  \\$vpt. 8
=945  \\$p354
=945  \\$aDigiMet
=945  \\$vpt. 9
=945  \\$p404
=945  \\$aDigiMet
=945  \\$vpt. 10
=945  \\$p364
=945  \\$aDigiMet
=945  \\$vpt. 11
=945  \\$p216
=945  \\$aDigiMet
=945  \\$vpt. 12
=945  \\$p212
=945  \\$aDigiMet
=945  \\$vpt. 13
=945  \\$p212
=945  \\$aDigiMet
=945  \\$vpt. 14
=945  \\$p182
=945  \\$aDigiMet
=945  \\$vpt. 15
=945  \\$p140
=945  \\$aDigiMet
=945  \\$vpt. 16
=945  \\$p114
=945  \\$aDigiMet
=945  \\$vpt. 17
=945  \\$p124
=945  \\$aDigiMet
=945  \\$vpt. 18
=945  \\$p112
=945  \\$aDigiMet
=945  \\$vpt. 19
=945  \\$p100
=945  \\$aDigiMet
=945  \\$vpt. 20
=945  \\$p114
=945  \\$aDigiMet
=945  \\$vpt. 21
=945  \\$p540
=945  \\$aDigiMet
=945  \\$vpt. 22
=945  \\$p114
=945  \\$aDigiMet
=945  \\$vpt. 23
=945  \\$p132
=945  \\$aDigiMet
=945  \\$vpt. 24
=945  \\$p158
=945  \\$aDigiMet
=946  \\$aUSDA
=958  \\$be$c2010-04-12$do$edgoldber$hrecon
=994  \\$a92$bAGL

