=LDR  02698cas a2200877M  4500
=001  9915486677207426
=005  20240624192325.0
=008  000919d19uu19uunyuuu\\\\\\\\f0\\\\0eng\d
=016  7\$aCAT11081764$2DNAL
=035  \\$a854920
=035  \\$a(OCoLC)1289018006
=035  \\$a(DNAL)854920-naldb-Voyager
=040  \\$aAGL$beng$cAGL
=049  \\$aRQIC
=070  0\$a1.942$bF3R11N
=110  1\$aUnited States.$bWar Food Administration.
=245  10$aRadio round-up on food ... New York.
=246  1\$iTitle varies, Apr. 28, Mar. 19, Jun. 2, 30, 1945-June 27, 1947:$aRadio round-up
=260  \\$a[New York.
=310  \\$a[Weekly]
=362  1\$aCeased.
=550  \\$aFormerly issued by U.S. Agricultural marketing administration in Washington, D.C. (1.942 F3R11). Jan. 6 -May 12, 1945, issued by U.S. War food administration. Office of distribution. May 19-June 30, 1945, U.S. War food administration. July 7, 1945-Jan. 18, 1946, U.S. Dept. of agriculture. Jan. 25, 1946-June 27, 1947, U.S. Production and marketing administration.
=591  \\$bNAL Reclamation
=593  \\$fAgricola CAT
=650  \0$aFood supply$zUnited States$vPeriodicals.
=650  \0$aWorld War, 1939-1945$xFood supply$zUnited States$vPeriodicals.
=655  \3$aInternet resource.
=710  1\$aUnited States.$bAgricultural Marketing Administration.
=710  1\$aUnited States.$bWar Food Administration.$bOffice of Distribution.
=710  1\$aUnited States.$bDepartment of Agriculture.
=710  1\$aUnited States.$bDepartment of Agriculture.$bProduction and Marketing Administration.
=856  41$uhttps://archive.org/details/usda-radioroundup
=912  \\$analcatalog
=930  \\$a20140505$b20140606$c00000000
=939  \\$a20130724$b20130906$c00000000
=945  \\$aDigiMet
=945  \\$p60
=945  \\$aDigiMet
=945  \\$p116
=945  \\$aDigiMet
=945  \\$p92
=945  \\$aDigiMet
=945  \\$p120
=945  \\$aDigiMet
=945  \\$p120
=945  \\$aDigiMet
=945  \\$p106
=945  \\$aDigiMet
=945  \\$p60
=945  \\$aDigiMet
=945  \\$p114
=945  \\$aDigiMet
=945  \\$p124
=945  \\$aDigiMet
=945  \\$p106
=945  \\$aDigiMet
=945  \\$p108
=945  \\$aDigiMet
=945  \\$p126
=945  \\$aDigiMet
=945  \\$p108
=945  \\$aDigiMet
=945  \\$p122
=945  \\$aDigiMet
=945  \\$p106
=945  \\$aDigiMet
=945  \\$p64
=945  \\$aDigiMet
=945  \\$p108
=945  \\$aDigiMet
=945  \\$p142
=946  \\$aUSDA
=959  \\$c2013-04-02$essouder$gap
=959  \\$c2013-07-16$ergallett$gaccadd
=959  \\$c2013-07-24$ergallett$gap
=994  \\$a92$bAGL

