=LDR  02181cas a2200481M  4500
=001  9915486684107426
=005  20240816054503.0
=008  000919d19uu19uuiluuu\\\\\\\\f0\\\\0eng\d
=016  7\$aCAT11081529$2DNAL
=035  \\$a854685
=035  \\$a(OCoLC)1289118799
=035  \\$a(DNAL)854685-naldb-Voyager
=040  \\$aAGL$beng$cAGL
=049  \\$aRQIC
=070  0\$a1.9321$bN2L69
=110  1\$aUnited States.$bNorthern Regional Research Laboratory, Peoria, Ill.
=245  10$aList of publications and patents.
=246  1\$iTitle varies, Jan./June 1957-Jan./June 1970:$aPublications and patents
=260  \\$a[Peoria?
=300  \\$av ;$c27 cm.
=362  1\$aCeased.
=550  \\$aIssuing office varies: July/Dec. 1953- Jan./June 1956, U.S. Agricultural Research Service. Northern Utilization Research Branch. July/Dec. 1956-Jan./June 1970 U.S. Agricultural Research Service. Northern Utilization Research and Development Division.
=550  \\$aJan./June 1954-July/Dec. 1961 issued as U.S. Agricultural Research Service. ARS-71- no. 3, and no. 3, Suppl. 1-15 (A381 R31Ac).
=580  \\$aContinued by U.S. Northern Regional Research Laboratory. Publications and patents.
=591  \\$bNAL Reclamation
=593  \\$fAgricola CAT
=655  \3$aInternet resource.
=710  1\$aUnited States.$bAgricultural Research Service.$bNorthern Utilization Research Branch.
=710  1\$aUnited States.$bAgricultural Research Service.$bNorthern Utilization Research and Development Division.
=710  12$aUnited States.$bAgricultural Research Service.$bARS.
=785  00$aUnited States. Northern Regional Research Laboratory.$tPublications and patents
=856  41$uhttps://archive.org/details/listofpublicatio187unit
=856  41$31940-1946$uhttps://archive.org/details/CAT11081529001
=856  41$a1946:July-1946:Dec.$uhttps://archive.org/details/CAT11081529002
=856  41$31947:Jan.-1947:June$uhttps://archive.org/details/CAT11081529003
=912  \\$analcatalog
=930  \\$a20140603$b00000000$c00000000
=945  \\$aDigiMet
=945  \\$p70
=946  \\$aUSDA
=959  \\$c2024-03-12$earojas$gurl
=959  \\$c2024-08-16$earojas$gurl
=994  \\$a92$bAGL

