=LDR  02961cas a2201273M  4500
=001  9915486732107426
=005  20240624192329.0
=008  000919d193919uudcuuu\\\\\\\\f0\\\\0eng\d
=016  7\$aCAT11081063$2DNAL
=035  \\$a854220
=035  \\$a(OCoLC)1288982197
=035  \\$a(DNAL)854220-naldb-Voyager
=040  \\$aAGL$beng$cAGL
=049  \\$aRQIC
=070  0\$a1.942$bA8Ag8
=110  1\$aUnited States.$bAgricultural Marketing Service.
=245  14$aThe A.M.S. news ...
=260  \\$aWashington.
=300  \\$anos. ;$c27 cm.
=310  \\$aSemi-monthly
=362  0\$aVol. 1, no. 1- July 1, 1939-
=362  1\$aCeased.
=550  \\$aIssued for staff of the Agricultural marketing service, U.S. Dept. of agriculture.
=580  \\$aSupersedes The B.A.E. news, formerly issued by Bureau of Agricultural economics. (1.9 M34).
=591  \\$bNAL Reclamation
=593  \\$fAgricola CAT
=650  \0$aAgriculture$xEconomic aspects$zUnited States$vPeriodicals.
=710  1\$aUnited States.$bAgricultural Marketing Service.
=780  00$tB.A.E. news$w(OCoLC)599762280
=856  41$uhttps://archive.org/details/usda-bureauofmarkets
=912  \\$analcatalog
=930  \\$a20140710$b20140807$c00000000
=939  \\$a20100405$b20100501$c00000000
=945  \\$aDigiMet
=945  \\$vpt. 1
=945  \\$p154
=945  \\$aDigiMet
=945  \\$vpt. 2
=945  \\$p186
=945  \\$aDigiMet
=945  \\$vpt. 3
=945  \\$p226
=945  \\$aDigiMet
=945  \\$vpt. 4
=945  \\$p236
=945  \\$aDigiMet
=945  \\$vpt. 5
=945  \\$p240
=945  \\$aDigiMet
=945  \\$vpt. 6
=945  \\$p76
=945  \\$aDigiMet
=945  \\$vpt. 7
=945  \\$p38
=945  \\$aDigiMet
=945  \\$vpt. 8
=945  \\$p134
=945  \\$aDigiMet
=945  \\$vpt. 9
=945  \\$p108
=945  \\$aDigiMet
=945  \\$vpt. 10
=945  \\$p20
=945  \\$aDigiMet
=945  \\$vpt. 11
=945  \\$p168
=945  \\$aDigiMet
=945  \\$vpt. 12
=945  \\$p84
=945  \\$aDigiMet
=945  \\$vpt. 13
=945  \\$p12
=945  \\$aDigiMet
=945  \\$vpt. 14
=945  \\$p48
=945  \\$aDigiMet
=945  \\$vpt. 15
=945  \\$p56
=945  \\$aDigiMet
=945  \\$vpt. 16
=945  \\$p50
=945  \\$aDigiMet
=945  \\$vpt. 17
=945  \\$p12
=945  \\$aDigiMet
=945  \\$vpt. 18
=945  \\$p42
=945  \\$aDigiMet
=945  \\$vpt. 19
=945  \\$p54
=945  \\$aDigiMet
=945  \\$vpt. 20
=945  \\$p102
=945  \\$aDigiMet
=945  \\$vpt. 21
=945  \\$p30
=945  \\$aDigiMet
=945  \\$vpt. 22
=945  \\$p20
=945  \\$aDigiMet
=945  \\$vpt. 23
=945  \\$p24
=945  \\$aDigiMet
=945  \\$vpt. 24
=945  \\$p24
=946  \\$aUSDA
=959  \\$c2010-04-05$edgoldber$glink
=959  \\$c2014-07-10$edfriedma$gsubjadd
=994  \\$a92$bAGL

