=LDR  01619cam a2200517   4500
=001  9915487090907426
=005  20240624192351.0
=008  980820s1970\\\\dcuab\\\\b\\\\000\0\eng\\
=010  \\$a   79606814 
=016  7\$aCAT10853437$2DNAL
=035  \\$a818835
=035  \\$a(OCoLC)00124066
=035  \\$a(DNAL)818835-naldb-Voyager
=040  \\$aDLC$beng$cDLC$dAGL$dCLU$dNUI$dOCLCF$dOCLCQ$dOCLCA$dGPO$dWURST$dNOC$dSNK
=043  \\$as-uy---
=049  \\$aAGLL
=050  00$aHD1907$b.U6
=070  0\$aA281.9$bAg83 no.299
=072  \0$aE100
=074  \\$a0076-G
=086  0\$aA 93.21/2:299
=110  1\$aUnited States.$bDepartment of Agriculture.$bEconomic Research Service.
=245  12$aA survey of agriculture in Uruguay.
=260  \\$a[Washington],$c[1970]
=300  \\$aiv, 52 pages$billustrations, maps$c27 cm.
=336  \\$atext$btxt$2rdacontent
=337  \\$aunmediated$bn$2rdamedia
=338  \\$avolume$bnc$2rdacarrier
=490  1\$aIts ERS-foreign$v299
=504  \\$aIncludes bibliographical references (page 52).
=591  \\$bNAL Reclamation
=593  \\$fAgricola CAT
=650  \0$aAgriculture$xEconomic aspects$zUruguay.
=651  \7$aUruguay.$2fast$0(OCoLC)fst01202667
=655  \3$aInternet resource.
=830  \0$aERS-foreign ;$v299.
=856  41$uhttps://archive.org/details/surveyofagricult299unit
=912  \\$analcatalog
=930  \\$a20140305$b20140404$c00000000
=939  \\$a20011202$b20011206$c00000000
=945  \\$dDF$e98/08/18$fAR$g98/08/20$n1
=945  \\$p64
=945  \\$aDigiMet
=946  \\$aUSDA
=959  \\$c2013-04-02$essouder$gap
=994  \\$a92$bAGL

