=LDR  01283cam a2200445   4500
=001  9915487235307426
=005  20240620180206.0
=008  941107s1879\\\\ctu\\\\\\\\\\\000\0\eng\d
=016  7\$aCAT10724035$2DNAL
=035  \\$a635435
=035  \\$a(OCoLC)39131318
=035  \\$a(DNAL)635435-naldb-Voyager
=040  \\$aNYP$beng$cNYP$dAGL$dKRTAS$dOCLCQ
=049  \\$aRQIB
=070  0\$a47$bSt6Wh
=072  \0$aL200
=072  \0$aL830
=100  1\$aStoddard, H. Hudson.
=245  14$aThe white Leghorns.$bFrom the shell to the exhibition room.$cBy H.H. Stoddard.
=260  \\$aHartford, Conn.,$c1879.
=300  \\$a48 pages$bfrontispiece$c12mo
=336  \\$atext$btxt$2rdacontent
=337  \\$aunmediated$bn$2rdamedia
=338  \\$avolume$bnc$2rdacarrier
=591  \\$bNAL Reclamation
=593  \\$fAgricola CAT
=650  \3$aanimal health.
=650  \3$aanimal diseases.
=650  \3$aanimal genetics.
=650  \3$aanimal breeding.
=655  \3$aInternet resource.
=856  41$uhttps://archive.org/details/whiteleghornsfro00stod
=911  \\$ichl00017943
=912  \\$analcatalog
=930  \\$a20140702$b20140807$c00000000
=938  \\$aKirtas Technologies, Inc.$bKRTS$n778697
=945  \\$aDigiMet
=945  \\$p282
=946  \\$aOther US
=994  \\$a92$bAGL

