=LDR  00918cam a2200349Mi 4500
=001  9915487236707426
=005  20221102082603.0
=008  941107s1884\\\\xx\\\\\\\\\\\\000\0\eng\d
=016  7\$aCAT10724042$2DNAL
=035  \\$a635446
=035  \\$a(OCoLC)71039124
=035  \\$a(DNAL)635446-naldb-Voyager
=040  \\$aAGL$beng$cAGL$dOCLCQ
=049  \\$aRQIB
=070  0\$a47$bSt6I
=072  \0$aL200
=100  1\$aStoddard, Heather.
=245  10$aIncubation, natural and artificial.
=260  \\$c1884.
=300  \\$a1 volume
=336  \\$atext$btxt$2rdacontent
=337  \\$aunmediated$bn$2rdamedia
=338  \\$avolume$bnc$2rdacarrier
=591  \\$bNAL Reclamation
=856  41$uhttps://archive.org/details/incubationnatura1884stod
=911  \\$ichl00017938
=912  \\$analcatalog
=930  \\$a20140812$b20140905$c00000000
=945  \\$aDigiMet
=945  \\$p116
=946  \\$aOther US
=994  \\$a92$bAGL

