=LDR  02381cam a2200577Ia 4500
=001  9915487254407426
=005  20240620182022.0
=008  020118s2001\\\\pauab\\\\bs\\f000\0\eng\\
=016  7\$aCAT11111998$2DNAL
=035  \\$a879967
=035  \\$a(OCoLC)48804621
=035  \\$a(DNAL)879967-naldb-Voyager
=040  \\$aAGL$beng$cAGL$dWOO$dOCLCQ$dSPI$dOCLCF$dOCLCO$dOCLCQ$dAGM$dOCLCA$dAGL
=043  \\$an-us-md
=049  \\$aAGLL
=050  \0$aSD144.M3$bF912 2001
=070  0\$aA99.9$bF7622Uf no. 154
=072  \0$aK250
=086  0\$aA 13.80:NE-154
=100  1\$aFrieswyk, Thomas S.$0http://id.loc.gov/authorities/names/n82208763
=245  10$aForest statistics for Maryland :$b1986 and 1999 /$cThomas Frieswyk.
=260  \\$aNewton Square, PA :$bU.S. Dept. of Agriculture, Forest Service, Northeastern Research Station,$c[2001]
=300  \\$a164 pages :$billustrations, maps ;$c28 cm.
=336  \\$atext$btxt$2rdacontent
=337  \\$aunmediated$bn$2rdamedia
=338  \\$avolume$bnc$2rdacarrier
=490  1\$aResource bulletin NE ;$v154
=504  \\$aIncludes bibliographical references (page 13).
=530  \\$aLibrary also holds microfiche. Washington, DC : Supt. of Docs., U.S. G.P.O., 2003. 3 microfiches : negative. (NAL call no.: Fiche S-133 (A 13.80:NE-154)
=591  \\$bNAL Reclamation
=593  \\$fAgricola CAT
=650  \0$aForests and forestry$zMaryland$vStatistics.
=650  \0$aTimber$zMaryland$vStatistics.
=650  \3$aforest statistics.
=651  \3$aMaryland.
=651  \7$aMaryland.$2fast$0(OCoLC)fst01204739
=655  \3$aInternet resource.
=655  \7$aStatistics.$2fast$0(OCoLC)fst01423727
=710  1\$aUnited States.$bForest Service.$bNortheastern Research Station.$0http://id.loc.gov/authorities/names/no98081992
=776  08$iOnline version:$aFrieswyk, Thomas S.$tForest statistics for Maryland.$dNewton Square, PA : U.S. Dept. of Agriculture, Forest Service, Northeastern Research Station, [2001]$w(OCoLC)988773748
=830  \0$aResource bulletin NE ;$v154.
=856  41$uhttps://archive.org/details/foreststatistics154frie
=912  \\$analcatalog
=930  \\$a20140207$b20140307$c00000000
=939  \\$a20041004$b20041101$c00000000
=939  \\$a20020204$b20020208$c00000000
=945  \\$dDF$e2002/01/17$fVS$g2002/02/18$n1
=945  \\$p176
=945  \\$aDigiMet
=946  \\$aUSDA
=994  \\$a92$bAGL

