=LDR  02298cam a2200505Ia 4500
=001  9915487371107426
=005  20240624192350.0
=008  941107s1921\\\\iluac\\\\\\\\\000\0\eng\\
=010  \\$a   21011727 
=016  7\$aCAT10724011$2DNAL
=035  \\$a635407
=035  \\$a(OCoLC)05960013
=035  \\$a(DNAL)635407-naldb-Voyager
=040  \\$aDLC$beng$cVIC$dOCL$dOCLCQ$dAGL$dLGG$dKRTAS$dAGL$dOCLCQ$dYTJ
=049  \\$aAGLL
=050  00$aSF485$b.R6
=070  0\$aSF485$b.R63 1921
=100  1\$aRobinson, John Henry,$d1863-
=245  10$aStandard poultry for exhibition :$ba complete manual of the methods of expert exhibitors on growing, selecting, conditioning, training and showing poultry--fully describing fitting processes and exposing faking practices--briefly explaining judging for the amateur and furnishing the student of judging an exhaustive analysis of the history, philosophy and merits of comparison and score-card systems /$cby John H. Robinson ; illustrated by Franklane L. Sewell, Arthur O. Schilling, contributing.
=260  \\$aQuincy, Ill. :$bReliable Poultry Journal Pub. Co.,$c©1921.
=300  \\$a175, [1] pages :$billustrations, portraits ;$c29 cm
=336  \\$atext$btxt$2rdacontent
=337  \\$aunmediated$bn$2rdamedia
=338  \\$avolume$bnc$2rdacarrier
=590  \\$aRare and Special Collections' copy is part of the James M. Gwin Poultry Book Collection.
=591  \\$bNAL Reclamation
=593  \\$fAgricola CAT
=650  \0$aPoultry$xShowing$xStandards.
=650  \0$aPoultry breeds$xExhibitions$xStandards.
=650  \0$aPoultry$xExhibitions$xJudging.
=655  \3$aInternet resource.
=776  08$iOnline version:$aRobinson, John Henry, 1863-$tStandard poultry for exhibition.$dQuincy, Ill., Reliable Poultry Journal Pub. Co., ©1921$w(OCoLC)632354595
=856  41$uhttps://archive.org/details/standardpoultryf00robi_0
=912  \\$analcatalog
=930  \\$a20160601$b20160603$c00000000
=938  \\$aKirtas Technologies, Inc.$bKRTS$n681127
=939  \\$a20140702$b20140807$c00000000
=939  \\$a20120911$b20121009$c00000000
=939  \\$a20110719$b20110805$c00000000
=945  \\$aDigiMet
=945  \\$p186
=946  \\$aOther US
=958  \\$be$c2011-07-19$dn$emlydon
=959  \\$c2012-09-11$earojas$gap
=994  \\$a92$bAGL

