=LDR  01750cam a2200469 i 4500
=001  9915487389907426
=005  20240624192413.0
=008  941107s1884\\\\ctua\\\\\\\\\\000\0\eng\d
=016  7\$aCAT10724046$2DNAL
=019  \\$a71039129
=035  \\$a(OCoLC)ocm33496573
=035  \\$a635452
=035  \\$a(DNAL)635452-naldb-Voyager
=035  \\$z(OCoLC)71039129
=040  \\$aGUA$beng$erda$cGUA$dOCLCF$dOCLCQ$dOCLCO$dSMDRL$dOCLCO$dAGL$dORE$dOCLCO$dAGL
=043  \\$an-us---
=049  \\$aAGLL
=070  0\$a47$bSt6W
=072  \0$aL200
=100  1\$aStoddard, H. H.$q(H. Hudson),$eauthor.
=245  14$aThe White Leghorns :$bfrom the shell to the exhibition room /$cby H.H. Stoddard, editor of "The Poultry World," and "The American Poultry Yard," author of "An Egg Farm," "How To Win Poultry Prizes," "Poultry Architecture," "Brown Leghorns," "Plymouth Rocks," etc., etc.
=264  \1$aHartford, Conn. :$b[publisher not identified],$c1884.
=300  \\$a48 pages :$billustrations ;$c19 cm
=336  \\$atext$btxt$2rdacontent
=337  \\$aunmediated$bn$2rdamedia
=338  \\$avolume$bnc$2rdacarrier
=500  \\$a"Price, 25 cents."--Cover.
=593  \\$fAgricola CAT
=650  \0$aLeghorn chicken.
=650  \0$aPoultry$xBreeding$zUnited States.
=650  \7$aLeghorn chicken.$2fast$0(OCoLC)fst00995623
=650  \7$aPoultry$xBreeding.$2fast$0(OCoLC)fst01073924
=651  \7$aUnited States.$2fast$0(OCoLC)fst01204155
=655  \3$aInternet resource
=856  41$uhttps://archive.org/details/whiteleghorns00stod
=912  \\$analcatalog
=930  \\$a20220920$b00000000$c00000000
=939  \\$a20140702$b20140807$c00000000
=945  \\$aDigiMet
=945  \\$p54
=946  \\$aOther US
=959  \\$c2022-09-20$epdesai$gupgrade

