=LDR  01124cam a2200409Mi 4500
=001  9915487392807426
=005  20240620181651.0
=008  941107nuuuuuuuuxx\\\\\\\\\\\\000\0\eng\d
=016  7\$aCAT10724015$2DNAL
=035  \\$a635412
=035  \\$a(OCoLC)71039098
=035  \\$a(DNAL)635412-naldb-Voyager
=040  \\$aAGL$beng$cAGL$dOCLCQ$dAGL
=049  \\$aRQIB
=070  0\$a47$bR272As
=072  \0$aL200
=110  2\$aReliable Poultry Journal Publishing Co.
=245  14$aThe Asiatics ...
=260  \\$a[Place of publication not identified]
=300  \\$a1 volume
=336  \\$atext$btxt$2rdacontent
=337  \\$aunmediated$bn$2rdamedia
=338  \\$avolume$bnc$2rdacarrier
=591  \\$bNAL Reclamation
=593  \\$fAgricola CAT
=650  \3$aanimal genetics.
=650  \3$aanimal breeding.
=655  \3$aInternet resource.
=856  41$uhttps://archive.org/details/asiatics00reli
=911  \\$ichl00017878
=912  \\$analcatalog
=930  \\$a20160525$b20160603$c00000000
=939  \\$a20140702$b20140807$c00000000
=945  \\$aDigiMet
=945  \\$p106
=946  \\$aOther US
=994  \\$a92$bAGL

