=LDR  00918cam a2200361Mi 4500
=001  9915487402307426
=005  20221102082854.0
=008  941107s1892\\\\xx\\\\\\\\\\\\000\0\eng\d
=016  7\$aCAT10724012$2DNAL
=035  \\$a635409
=035  \\$a(OCoLC)71039096
=035  \\$a(DNAL)635409-naldb-Voyager
=040  \\$aAGL$beng$cAGL$dOCLCQ
=049  \\$aRQIB
=070  0\$a47$bR64P
=072  \0$aL100
=100  1\$aRoland, Arthur.
=245  10$aPoultry-keeping.
=250  \\$aNew ed.
=260  \\$c1892.
=300  \\$a1 volume
=336  \\$atext$btxt$2rdacontent
=337  \\$aunmediated$bn$2rdamedia
=338  \\$avolume$bnc$2rdacarrier
=591  \\$bNAL Reclamation
=856  41$uhttps://archive.org/details/poultrykeeping00rola_0
=911  \\$ichl00017901
=912  \\$analcatalog
=930  \\$a20140702$b20140807$c00000000
=945  \\$aDigiMet
=945  \\$p210
=946  \\$aOther US
=994  \\$a92$bAGL

