=LDR  06444cas a2202677 a 4500
=001  9915488903307426
=005  20240624193528.0
=008  920609d19571982dcu\x\\\\s\\\f0\\\a0eng\\
=010  \\$a   87655119 $zsc 78001374 
=012  \\$a2$i8706$j0
=016  7\$aCAT10560478$2DNAL
=022  \\$a0145-0859$l0145-0859$21
=035  \\$a551519
=035  \\$a(OCoLC)01538828
=035  \\$a(DNAL)551519-naldb-Voyager
=040  \\$aDLC$beng$cFUL$dCOO$dNSD$dOCL$dDLC$dGPO$dDLC$dNSD$dDLC$dNYG$dAGL$dNSD$dAGL$dGPO$dOCLCQ$dOCLCF$dBEDGE$dOCLCO$dOCLCQ
=042  \\$ansdp$apcc
=043  \\$an-us---
=049  \\$aAGLL
=050  00$aHD9100.1$b.F74
=070  \\$a1.943$bF76292
=072  \0$aE700
=072  \0$aQ004
=086  0\$aA 67.18:
=222  \0$aForeign agriculture circular. Sugar
=245  00$aForeign agriculture circular.$pSugar /$cU.S. Department of Agriculture, Foreign Agricultural Service.
=246  30$aSugar
=246  30$aForeign agriculture circular.$nFS
=260  \\$aWashington, D.C. :$bThe Service,$c[1957-1982]
=300  \\$a26 volumes :$billustrations ;$c27 cm
=310  \\$aIrregular
=336  \\$atext$btxt$2rdacontent
=337  \\$aunmediated$bn$2rdamedia
=338  \\$avolume$bnc$2rdacarrier
=362  0\$aFS 57-2 (Aug. 5, 1957)-FS 82-2 (Aug. 1982).
=506  \\$aAvailable to United States residents only.
=530  \\$aAlso issued to depository libraries on microfiche.
=580  \\$aMerged with: Foreign agriculture circular. Honey, to form: Foreign agriculture circular. Sugar, molasses, and honey.
=591  \\$bNAL Reclamation
=593  \\$fAgricola CAT
=650  \0$aSugar trade$vStatistics$vPeriodicals.
=650  \0$aSugar trade$zUnited States$vStatistics$vPeriodicals.
=651  \7$aEtats-Unis d'Amérique.$2eclas
=651  \7$aUnited States.$2fast$0(OCoLC)fst01204155
=655  \3$aInternet resource.
=655  \7$aPeriodicals.$2fast$0(OCoLC)fst01411641
=655  \7$aStatistics.$2fast$0(OCoLC)fst01423727
=710  1\$aUnited States.$bForeign Agricultural Service.$0http://id.loc.gov/authorities/names/n80126196
=776  1\$cMicrofiche$dSupt. of Docs., U.S.G.P.O.$w(OCoLC)26295226
=776  08$iOnline version:$tForeign agriculture circular. Sugar$w(OCoLC)621558109
=780  00$tForeign agriculture circular. FS$w(DLC)   87655118$w(OCoLC)15644271
=785  17$tForeign agriculture circular. Honey$x0145-0972$w(DLC)   87655117$w(OCoLC)2618173
=785  17$tForeign agriculture circular. Sugar, molasses, and honey$x0884-755X$w(DLC)   87655120$w(OCoLC)9845298
=850  \\$aDLC$aDNAL$aN
=856  41$uhttp://archive.org/details/usda-foreignagriculturecircularsugar
=912  \\$analcatalog
=930  \\$a20210426$b00000000$c00000000
=939  \\$a20131022$b20131101$c00000000
=939  \\$a00000000$b19940225$c00000000
=945  \\$dAL$e92/05/23$fAL$g92/06/08
=945  \\$p14
=945  \\$aDigiMet
=945  \\$p8
=945  \\$aDigiMet
=945  \\$p26
=945  \\$aDigiMet
=945  \\$p14
=945  \\$aDigiMet
=945  \\$p12
=945  \\$aDigiMet
=945  \\$p12
=945  \\$aDigiMet
=945  \\$p12
=945  \\$aDigiMet
=945  \\$p12
=945  \\$aDigiMet
=945  \\$p18
=945  \\$aDigiMet
=945  \\$p8
=945  \\$aDigiMet
=945  \\$p8
=945  \\$aDigiMet
=945  \\$p20
=945  \\$aDigiMet
=945  \\$p8
=945  \\$aDigiMet
=945  \\$p12
=945  \\$aDigiMet
=945  \\$p12
=945  \\$aDigiMet
=945  \\$p16
=945  \\$aDigiMet
=945  \\$p12
=945  \\$aDigiMet
=945  \\$p16
=945  \\$aDigiMet
=945  \\$p16
=945  \\$aDigiMet
=945  \\$p20
=945  \\$aDigiMet
=945  \\$p24
=945  \\$aDigiMet
=945  \\$p18
=945  \\$aDigiMet
=945  \\$p16
=945  \\$aDigiMet
=945  \\$p56
=945  \\$aDigiMet
=945  \\$p20
=945  \\$aDigiMet
=945  \\$p56
=945  \\$aDigiMet
=945  \\$p24
=945  \\$aDigiMet
=945  \\$p16
=945  \\$aDigiMet
=945  \\$p18
=945  \\$aDigiMet
=945  \\$p20
=945  \\$aDigiMet
=945  \\$p20
=945  \\$aDigiMet
=945  \\$p20
=945  \\$aDigiMet
=945  \\$p16
=945  \\$aDigiMet
=945  \\$p28
=945  \\$aDigiMet
=945  \\$p20
=945  \\$aDigiMet
=945  \\$p32
=945  \\$aDigiMet
=945  \\$p20
=945  \\$aDigiMet
=945  \\$p18
=945  \\$aDigiMet
=945  \\$p12
=945  \\$aDigiMet
=945  \\$p24
=945  \\$aDigiMet
=945  \\$p24
=945  \\$aDigiMet
=945  \\$p20
=945  \\$aDigiMet
=945  \\$p26
=945  \\$aDigiMet
=945  \\$p16
=945  \\$aDigiMet
=945  \\$p12
=945  \\$aDigiMet
=945  \\$p10
=945  \\$aDigiMet
=945  \\$p16
=945  \\$aDigiMet
=945  \\$p16
=945  \\$aDigiMet
=945  \\$p32
=945  \\$aDigiMet
=945  \\$p20
=945  \\$aDigiMet
=945  \\$p8
=945  \\$aDigiMet
=945  \\$p12
=945  \\$aDigiMet
=945  \\$p8
=945  \\$aDigiMet
=945  \\$p56
=945  \\$aDigiMet
=945  \\$p16
=945  \\$aDigiMet
=945  \\$p20
=945  \\$aDigiMet
=945  \\$p20
=945  \\$aDigiMet
=945  \\$p10
=945  \\$aDigiMet
=945  \\$p16
=945  \\$aDigiMet
=945  \\$p8
=945  \\$aDigiMet
=945  \\$p8
=945  \\$aDigiMet
=945  \\$p16
=945  \\$aDigiMet
=945  \\$p14
=945  \\$aDigiMet
=945  \\$p12
=945  \\$aDigiMet
=945  \\$p16
=945  \\$aDigiMet
=945  \\$p12
=945  \\$aDigiMet
=945  \\$p24
=945  \\$aDigiMet
=945  \\$p12
=945  \\$aDigiMet
=945  \\$p22
=945  \\$aDigiMet
=945  \\$p16
=945  \\$aDigiMet
=945  \\$p16
=945  \\$aDigiMet
=945  \\$p10
=945  \\$aDigiMet
=945  \\$p8
=945  \\$aDigiMet
=945  \\$p56
=945  \\$aDigiMet
=945  \\$p8
=945  \\$aDigiMet
=945  \\$p20
=945  \\$aDigiMet
=945  \\$p24
=945  \\$aDigiMet
=945  \\$p16
=945  \\$aDigiMet
=945  \\$p22
=945  \\$aDigiMet
=945  \\$p20
=945  \\$aDigiMet
=945  \\$p16
=945  \\$aDigiMet
=946  \\$aOther US
=959  \\$c2013-10-22$essouder$gurl
=959  \\$c2021-04-26$elbriskin$gde
=994  \\$a92$bAGL

