=LDR  03693cas a2201357 a 4500
=001  9915488914407426
=005  20240620185826.0
=008  920606d195719uudcu\x\\\\s\\\f0\\\a0eng\\
=010  \\$a   87655053 $zsc 78001373 
=012  \\$a2$i8707
=016  7\$aCAT10560321$2DNAL
=022  \\$a0145-0999$l0145-0999$21
=035  \\$a551399
=035  \\$a(OCoLC)01538798
=035  \\$a(DNAL)551399-naldb-Voyager
=040  \\$aDLC$beng$cFUL$dCOO$dNSD$dOCL$dDLC$dNST$dDLC$dNYG$dDLC$dNST$dAGL$dDLC$dOCLCQ$dOCLCF$dOCLCO$dOCLCQ
=042  \\$ansdp$apcc
=043  \\$an-us---
=049  \\$aAGLL
=050  00$aHD9066.A1$bF65
=070  0\$a1.943$bF7628
=072  \0$aE700
=072  \0$aQ004
=086  0\$aA 67.18:
=222  \0$aForeign agriculture circular. Rice
=245  00$aForeign agriculture circular.$pRice /$cUnited States Department of Agriculture, Foreign Agricultural Service.
=246  30$aRice
=260  \\$aWashington, D.C. :$bThe Service,$c[1957]-
=300  \\$avolumes :$billustrations ;$c27 cm
=310  \\$aIrregular
=336  \\$atext$btxt$2rdacontent
=337  \\$aunmediated$bn$2rdamedia
=338  \\$avolume$bnc$2rdacarrier
=362  0\$aFR 57-7 (July 3, 1957)-
=506  \\$aAvailable to United States residents only.
=588  \\$aLatest issue consulted: FR 77-5 (Dec. 1977).
=591  \\$bNAL Reclamation
=593  \\$fAgricola CAT
=650  \0$aRice trade$vStatistics$vPeriodicals.
=650  \0$aRice trade$zUnited States$vStatistics$vPeriodicals.
=651  \7$aUnited States.$2fast$0(OCoLC)fst01204155
=655  \3$aInternet resource.
=655  \7$aPeriodicals.$2fast$0(OCoLC)fst01411641
=655  \7$aStatistics.$2fast$0(OCoLC)fst01423727
=710  1\$aUnited States.$bForeign Agricultural Service.$0http://id.loc.gov/authorities/names/n80126196
=776  08$iOnline version:$tForeign agriculture circular. Rice$w(OCoLC)621565728
=780  00$tForeign agriculture circular. FR$w(DLC)   87655052$w(OCoLC)15704116
=785  04$tForeign agriculture circular. Grain$x0145-0190$w(DLC)   87655047$w(OCoLC)1538590
=850  \\$aCSt$aDLC$aDNAL$aICarbS$aN
=856  41$uhttps://archive.org/details/usda-foreignagriculturecircularsugar
=912  \\$analcatalog
=930  \\$a20140902$b20141003$c00000000
=939  \\$a00000000$b19940225$c00000000
=945  \\$dAL$e92/05/23$fAL$g92/06/05
=945  \\$vpt. 1
=945  \\$p46
=945  \\$aDigiMet
=945  \\$vpt. 2
=945  \\$p44
=945  \\$aDigiMet
=945  \\$vpt. 3
=945  \\$p28
=945  \\$aDigiMet
=945  \\$vpt. 4
=945  \\$p24
=945  \\$aDigiMet
=945  \\$vpt. 5
=945  \\$p40
=945  \\$aDigiMet
=945  \\$vpt. 6
=945  \\$p60
=945  \\$aDigiMet
=945  \\$vpt. 7
=945  \\$p48
=945  \\$aDigiMet
=945  \\$vpt. 8
=945  \\$p20
=945  \\$aDigiMet
=945  \\$vpt. 9
=945  \\$p36
=945  \\$aDigiMet
=945  \\$vpt. 10
=945  \\$p12
=945  \\$aDigiMet
=945  \\$vpt. 11
=945  \\$p8
=945  \\$aDigiMet
=945  \\$vpt. 12
=945  \\$p20
=945  \\$aDigiMet
=945  \\$vpt. 13
=945  \\$p12
=945  \\$aDigiMet
=945  \\$vpt. 14
=945  \\$p16
=945  \\$aDigiMet
=945  \\$vpt. 15
=945  \\$p18
=945  \\$aDigiMet
=945  \\$vpt. 16
=945  \\$p22
=945  \\$aDigiMet
=945  \\$vpt. 17
=945  \\$p12
=945  \\$aDigiMet
=945  \\$vpt. 18
=945  \\$p12
=945  \\$aDigiMet
=945  \\$vpt. 19
=945  \\$p66
=945  \\$aDigiMet
=945  \\$vpt. 20
=945  \\$p30
=945  \\$aDigiMet
=946  \\$aUSDA
=994  \\$a92$bAGL

