=LDR  01827cam a2200529 a 4500
=001  9915489441207426
=005  20240624193556.0
=008  800401s1966\\\\paub\\\\\\\\\f000\0\eng\d
=016  7\$aCAT10231974$2DNAL
=019  \\$a979888885
=035  \\$a203145
=035  \\$a(OCoLC)310971590$z(OCoLC)979888885
=035  \\$a(DNAL)203145-naldb-Voyager
=035  \\$z(OCoLC)979888885
=040  \\$aMTG$beng$cMTG$dMTG$dNUI$dOCLCA$dPHA$dOCLCF$dOCLCQ$dCOD$dOCLCA$dAGM$dOCLCA$dOCLCQ$dOCLCO$dAGL
=043  \\$an-us-me
=049  \\$aAGLL
=070  \\$aA99.9$bF7622U no. 47
=072  \0$a4500
=086  0\$aA 13.79:NE-47
=100  1\$aFrayer, Warren E.
=245  10$aAverage growth rates in Southern Maine /$c[Warren E. Frayer and Joseph E. Barnard].
=260  \\$aUpper Darby, Pa. :$bNortheastern Forest Experiment Station, Forest Service, U.S. Dept. of Agriculture,$c1966.
=300  \\$a8 pages :$bmap ;$c25 cm
=336  \\$atext$btxt$2rdacontent
=337  \\$aunmediated$bn$2rdamedia
=338  \\$avolume$bnc$2rdacarrier
=490  1\$aU.S. Forest Service research note ;$vNE-47
=530  \\$aAlso available online.
=591  \\$bNAL Reclamation
=593  \\$fAgricola CAT
=650  \0$aTrees$zMaine$xGrowth.
=651  \3$aMaine
=651  \7$aMaine.$2fast$0(OCoLC)fst01204270
=655  \3$aInternet resource.
=700  1\$aBarnard, Joseph E.$0http://id.loc.gov/authorities/names/n82049061
=710  2\$aNortheastern Forest Experiment Station (Radnor, Pa.)
=830  \0$aU.S. Forest Service research note NE ;$v47.
=856  41$uhttps://archive.org/details/averagegrowthrat47fray
=912  \\$analcatalog
=930  \\$a20140116$b00000000$c00000000
=945  \\$aDigiMet
=945  \\$p12
=946  \\$aUSDA
=959  \\$c2014-01-15$essouder$gurl
=959  \\$c2014-01-16$earojas$gap
=994  \\$a92$bAGL

