=LDR  01065cam a2200373M  4500
=001  9915489572107426
=005  20240624193604.0
=008  800401s1968\\\\dcu\\\\\\\\\\\000\0\eng\d
=016  7\$aCAT10244527$2DNAL
=035  \\$a203415
=035  \\$a(OCoLC)1289035454
=035  \\$a(DNAL)203415-naldb-Voyager
=040  \\$aAGL$beng$cAGL
=049  \\$aAGLL
=070  \\$aA381$bR31A no. 58
=072  \0$a1500
=100  1\$aShaw, Roy.
=245  10$aReducing the oil content of potato chips by controlling their temperature after frying.
=260  \\$a[Washington]$c1968.
=300  \\$a9 p.$billus.
=490  1\$aU.S. Agricultural Research Service. ARS-73-58
=504  \\$aBibliography: p. 9.
=591  \\$bNAL Reclamation
=593  \\$fAgricola CAT
=655  \3$aInternet resource.
=830  \0$aARS 73 ;$v58.
=856  41$uhttps://archive.org/details/reducingoilconte7358shaw
=912  \\$analcatalog
=930  \\$a20140414$b00000000$c00000000
=945  \\$aDigiMet
=945  \\$p18
=946  \\$aUSDA
=959  \\$c2014-04-14$earojas$gap
=994  \\$a92$bAGL

