=LDR  00938cam a2200325M  4500
=001  9915489582907426
=005  20240624193603.0
=008  800401n19649999dcu\\\\\\\\\\\000\0\eng\d
=016  7\$aCAT10244690$2DNAL
=035  \\$a203737
=035  \\$a(OCoLC)1288992453
=035  \\$a(DNAL)203737-naldb-Voyager
=040  \\$aAGL$beng$cAGL
=049  \\$aAGLL
=070  \\$aA41.9$bR315Ar no. 44
=072  \0$a2000
=110  1\$aUnited States.$bAgricultural Research Service.
=245  10$aProgress report, Cooperative State-Federal tuberculosis eradication. 1963/64-.
=260  \\$a[Washington,$c1964-
=591  \\$bNAL Reclamation
=593  \\$fAgricola CAT
=655  \3$aInternet resource.
=856  41$uhttps://archive.org/details/progressreportco9144unit
=912  \\$analcatalog
=930  \\$a20140414$b00000000$c00000000
=945  \\$aDigiMet
=945  \\$p92
=946  \\$aUSDA
=959  \\$c2014-04-14$earojas$gap
=994  \\$a92$bAGL

