=LDR  01791cam a2200553   4500
=001  9915489593907426
=005  20240624193605.0
=008  800401s1968\\\\dcu\\\\\\\\\\f000\0\eng\c
=010  \\$aagr68000149 
=016  7\$aCAT10244706$2DNAL
=019  \\$a291344780
=035  \\$a203768
=035  \\$a(OCoLC)00047612$z(OCoLC)291344780
=035  \\$a(DNAL)203768-naldb-Voyager
=035  \\$z(OCoLC)291344780
=040  \\$aU.S. Nat'l Agr. Libr.$beng$cDLC$dBTCTA$dFUG$dLUI$dOCLCF$dOCLCQ$dOKS$dGPO$dOCLCQ$dAGL
=043  \\$an-us---
=049  \\$aAGLL
=050  \0$aHD9282.U4$bA26 1968
=070  \\$aA280.39$bAg8M no. 27 1968
=072  \0$a1500
=074  \\$a0013-G
=086  0\$aA 1.95:27/2
=086  0\$aA 1.95: 27
=110  1\$aUnited States.$bConsumer and Marketing Service.$bDairy Division.$0http://id.loc.gov/authorities/names/n85285932
=245  14$aThe Federal milk marketing order program.
=250  \\$a[Rev.
=260  \\$aWashington]$bU.S. Consumer and Marketing Service$c[1968]
=300  \\$a47 pages$c24 cm
=336  \\$atext$btxt$2rdacontent
=337  \\$aunmediated$bn$2rdamedia
=338  \\$avolume$bnc$2rdacarrier
=490  1\$aMarketing bulletin$v27
=591  \\$bNAL Reclamation
=593  \\$fAgricola CAT
=650  \0$aMilk trade$zUnited States.
=650  \3$amilk$xMarketing$xControl.
=651  \7$aUnited States.$2fast$0(OCoLC)fst01204155
=655  \3$aInternet resource.
=830  \0$aMarketing bulletin (Washington, D.C.) ;$vno. 27.
=856  41$uhttps://archive.org/details/federalmilkmarke27unit_0
=912  \\$analcatalog
=930  \\$a20140411$b20140502$c00000000
=938  \\$aBaker and Taylor$bBTCP$nagr68000149
=945  \\$aDigiMet
=945  \\$p52
=946  \\$aUSDA
=959  \\$c2013-04-02$essouder$gap
=994  \\$a92$bAGL

