=LDR  01059cam a2200361M  4500
=001  9915489615307426
=005  20240624193617.0
=008  800401s1968\\\\dcu\\\\\\\\\\\000\0\eng\d
=016  7\$aCAT10244486$2DNAL
=035  \\$a203333
=035  \\$a(OCoLC)1289004393
=035  \\$a(DNAL)203333-naldb-Voyager
=040  \\$aAGL$beng$cAGL
=049  \\$aAGLL
=070  \\$aA280.39$bR31A no. 24
=072  \0$a1500
=100  1\$aSchomer, H. A.$q(Harold A.),$d1906-
=245  10$aEffects of hydrocooling on the dessert quality and storage life of apples in the Pacific Northwest.
=260  \\$a[Washington]$c1968.
=300  \\$a6 p.
=490  1\$aU.S. Agricultural Research Service. ARS-51-24
=591  \\$bNAL Reclamation
=593  \\$fAgricola CAT
=655  \3$aInternet resource.
=830  \0$aARS 51 ;$v24.
=856  41$uhttps://archive.org/details/effectsofhydroco24scho
=912  \\$analcatalog
=930  \\$a20140306$b00000000$c00000000
=945  \\$aDigiMet
=945  \\$p12
=946  \\$aUSDA
=959  \\$c2014-03-06$earojas$gap
=994  \\$a92$bAGL

