=LDR  01885cam a22005051  4500
=001  9915489623107426
=005  20240624193619.0
=008  800401s1968\\\\dcua\\\\\\\\\f000\0\eng\c
=010  \\$aagr68000183 
=016  7\$aCAT10244544$2DNAL
=019  \\$a727329908
=035  \\$a203449
=035  \\$a(OCoLC)00473056$z(OCoLC)727329908
=035  \\$a(DNAL)203449-naldb-Voyager
=035  \\$z(OCoLC)727329908
=040  \\$aU.S. Nat'l Agr. Libr.$beng$cDLC$dIUL$dBTCTA$dPHA$dNUI$dINNDH$dOCLCF$dOCLCQ$dNOC$dAGL
=049  \\$aAGLL
=050  00$aS21$b.F6 no. 131
=070  \\$a1.943$bF763 no. 131
=072  \0$a1500
=086  0\$aA 67.16:131
=100  1\$aSilcox, W. Bruce.$0http://id.loc.gov/authorities/names/n50024729
=245  10$aWorld import duties and other entry charges on dairy products /$c[by W. Bruce Silcox.
=260  \\$aWashington, D.C.] :$bU.S. Dept. of Agriculture, Foreign Agricultural Service,$c1968.
=300  \\$aii, 70 pages :$billustrations ;$c24 cm.
=336  \\$atext$btxt$2rdacontent
=337  \\$aunmediated$bn$2rdamedia
=338  \\$avolume$bnc$2rdacarrier
=490  1\$aForeign agriculture report,$vno. 131
=591  \\$bNAL Reclamation
=593  \\$fAgricola CAT
=650  \0$aTariff on dairy products.$0http://id.loc.gov/authorities/subjects/sh94001562
=655  \3$aInternet resource.
=700  12$aSilcox, W. Bruce.$tWorld import duties on United States dairy products.
=710  1\$aUnited States.$bForeign Agricultural Service.$0http://id.loc.gov/authorities/names/n80126196
=830  \0$aForeign agriculture report ;$vno. 131.
=856  41$uhttps://archive.org/details/worldimportdutie131silc
=912  \\$analcatalog
=930  \\$a20140506$b20140606$c00000000
=938  \\$aBaker and Taylor$bBTCP$nagr68000183
=945  \\$aDigiMet
=945  \\$p80
=946  \\$aUSDA
=959  \\$c2014-05-06$earojas$gap
=994  \\$a92$bAGL

