=LDR  01919cam a2200541   4500
=001  9915489706007426
=005  20240624193625.0
=008  800401s1966\\\\dcua\\\\\\\\\\000\0\eng\c
=010  \\$aagr67000013 
=016  7\$aCAT10232087$2DNAL
=035  \\$a203366
=035  \\$a(OCoLC)00067450
=035  \\$a(DNAL)203366-naldb-Voyager
=040  \\$aU.S. Nat'l Agr. Libr.$beng$cDLC$dOCLCQ$dBTCTA$dOCLCO$dOCLCF$dOCLCQ$dOCLCA$dAGL
=043  \\$an-us-mn
=049  \\$aAGLL
=050  10$aS900$b.U5 no. 127
=070  0\$aA56.9$bR31 no. 127
=072  \0$a8000
=100  1\$aHermsmeier, Lee F.,$d1917-
=245  10$aHydraulic conductivity and other physical characteristics of some wet soils in southwestern Minnesota$c[by L.F. Hermsmeier.
=260  \\$aWashington]$bAgricultural Research Service, U.S. Dept. of Agriculture,$c1966.
=300  \\$a17 pages$billustrations$c26 cm.
=336  \\$atext$btxt$2rdacontent
=337  \\$aunmediated$bn$2rdamedia
=338  \\$avolume$bnc$2rdacarrier
=490  1\$a[United States. Agricultural Research Service] ARS 41$v-127
=530  \\$aAlso available on the Internet.
=591  \\$bNAL Reclamation
=593  \\$fAgricola CAT
=650  \0$aSoil moisture.$0http://id.loc.gov/authorities/subjects/sh85124360
=650  \0$aSoils$zMinnesota.
=650  \3$asoil$xWater capacity.
=651  \3$aMinnesota$xSoils.
=651  \7$aMinnesota.$2fast$0(OCoLC)fst01204560
=655  \3$aInternet resource.
=810  1\$aUnited States.$bAgricultural Research Service.$tARS 41 ;$v-127.
=856  41$uhttps://archive.org/details/hydraulicconduct12herm
=912  \\$analcatalog
=930  \\$a20201021$b00000000$c00000000
=938  \\$aBaker and Taylor$bBTCP$nagr67000013
=939  \\$a20131022$b20131101$c00000000
=945  \\$aDigiMet
=945  \\$p24
=946  \\$aUSDA
=959  \\$c2013-10-22$essouder$gurl
=959  \\$c2020-10-21$ecbarone$gother
=994  \\$a92$bAGL

