=LDR  01525cam a2200469Ma 4500
=001  9915489707707426
=005  20240624193617.0
=008  800401s1968\\\\dcua\\\\\\\\\f000\0\eng\d
=016  7\$aCAT10244410$2DNAL
=019  \\$a320152948
=035  \\$a203185
=035  \\$a(OCoLC)78793313$z(OCoLC)320152948
=035  \\$a(DNAL)203185-naldb-Voyager
=035  \\$z(OCoLC)320152948
=040  \\$aCUT$beng$cCUT$dNUI$dOCLCQ$dOCLCA$dOCLCQ$dAGL
=049  \\$aAGLL
=070  \\$aA381$bR31Ab no. 44
=072  \0$a1500
=086  0\$aA 77.15:74-44
=100  1\$aRasmussen, Clyde L.
=245  10$aEconomic appraisal of freezing methods /$cClyde L. Rasmussen.
=260  \\$a[Washington] :$bU.S. Dept. of Agriculture, Agricultural Research Service,$c[1968]
=300  \\$a17 pages :$billustrations ;$c27 cm
=336  \\$atext$btxt$2rdacontent
=337  \\$aunmediated$bn$2rdamedia
=338  \\$avolume$bnc$2rdacarrier
=490  1\$aARS ;$v74-44
=591  \\$bNAL Reclamation
=593  \\$fAgricola CAT
=650  \0$aFrozen foods$xEconomic aspects.
=655  \3$aInternet resource.
=710  1\$aUnited States.$bAgricultural Research Service.
=830  \0$aARS (Series) (United States. Agricultural Research Service) ;$v74-44.
=856  41$uhttps://archive.org/details/economicappraisa7444rasm
=912  \\$analcatalog
=930  \\$a20140116$b00000000$c00000000
=945  \\$aDigiMet
=945  \\$p24
=946  \\$aUSDA
=959  \\$c2014-01-16$earojas$gap
=959  \\$c2014-01-15$essouder$gurl
=994  \\$a92$bAGL

