=LDR  01682cam a2200469 a 4500
=001  9915490448407426
=005  20240624194551.0
=008  800401s1967\\\\dcua\\\\\\\\\f000\0\eng\d
=016  7\$aCAT10237996$2DNAL
=035  \\$a188775
=035  \\$a(OCoLC)826027403
=035  \\$a(DNAL)188775-naldb-Voyager
=040  \\$aMUU$beng$cMUU$dOCLCO$dOCLCF$dOCLCQ$dAGL$dOCLCQ
=049  \\$aAGLL
=070  0\$aA56.9$bR31 no. 135
=072  \0$a5000
=086  0\$aA 77.15:ARS-41-135
=100  1\$aNicks, Arlin D.,$eauthor.
=245  12$aA computer mapping method for analysis and summary of rainfall data /$c[Arlin D. Nicks.
=260  \\$aWashington, D.C.] :$bU.S. Dept. of Agriculture,$c1967.
=300  \\$a8 pages :$billustrations ;$c26 cm
=336  \\$atext$btxt$2rdacontent
=337  \\$aunmediated$bn$2rdamedia
=338  \\$avolume$bnc$2rdacarrier
=490  1\$aARS ;$v41-135
=530  \\$aA lso available online.
=591  \\$bNAL Reclamation
=593  \\$fAgricola CAT
=650  \0$aRain and rainfall$xResearch.
=650  \0$aComputer programs.$0http://id.loc.gov/authorities/subjects/sh85029524
=655  \3$aInternet resource.
=710  1\$aUnited States.$bAgricultural Research Service.$bSoil and Water Conservation Research Division.$0http://id.loc.gov/authorities/names/n83008026
=830  \0$aARS (Series) (United States. Agricultural Research Service) ;$v41-135.
=856  41$uhttps://archive.org/details/computermappingm13nick
=912  \\$analcatalog
=930  \\$a20201013$b00000000$c00000000
=945  \\$aDigiMet
=945  \\$p14
=946  \\$aUSDA
=959  \\$c2013-10-22$essouder$gurl
=959  \\$c2020-10-13$ecbarone$gother
=994  \\$a92$bAGL

