=LDR  01076cam a2200373M  4500
=001  9915490535307426
=005  20240624194616.0
=008  800401s1967\\\\dcu\\\\\\\\\\\000\0\eng\d
=016  7\$aCAT10237967$2DNAL
=035  \\$a188689
=035  \\$a(OCoLC)1289013760
=035  \\$a(DNAL)188689-naldb-Voyager
=040  \\$aAGL$beng$cAGL
=049  \\$aAGLL
=070  \\$aA381$bR31Ac no. 34
=100  1\$aMustakas, G. C.
=245  10$aFull-fat soy flour by a simple process for villagers.
=260  \\$a[Washington]$c1967.
=300  \\$a11 p.$billus.
=490  1\$aU.S. Agricultural Research Service. ARS-71-34
=591  \\$bNAL Reclamation
=593  \\$fAgricola CAT
=655  \3$aInternet resource.
=830  \0$aARS 71 ;$v34.
=856  41$uhttps://archive.org/details/fullfatsoyflourb7134must
=912  \\$analcatalog
=930  \\$a20140411$b00000000$c00000000
=939  \\$a20090922$b20091002$c00000000
=939  \\$a20090622$b20090703$c00000000
=945  \\$aDigiMet
=945  \\$p16
=946  \\$aUSDA
=959  \\$c2009-06-22$edcollins$gother
=994  \\$a92$bAGL

