=LDR  01858cam a2200541Ia 4500
=001  9915490559007426
=005  20240624194612.0
=008  800401s1965\\\\paua\\\\\b\\\f000\0\eng\d
=016  7\$aCAT10225405$2DNAL
=035  \\$a188260
=035  \\$a(OCoLC)449838316
=035  \\$a(DNAL)188260-naldb-Voyager
=040  \\$aMNU$beng$cMNU$dPHA$dOCLCQ$dSEA$dOCLCF$dAGM$dOCLCA$dAGL
=043  \\$an-us-md
=049  \\$aAGLL
=070  \\$aA99.9$bF7622U no. 40
=072  \0$a4500
=086  0\$aA 13.79:NE-40
=100  1\$aFenton, Richard H.
=245  10$aPre-commercial thinning not recommended for Virginia pine stands in southern Maryland /$c[R.H. Fenton, and A.R. Bond].
=260  \\$aUpper Darby, Pa. :$bNortheastern Forest Experiment Station, Forest Service, U.S. Dept. of Agriculture,$c1965.
=300  \\$a7 pages :$billustrations ;$c25 cm.
=336  \\$atext$btxt$2rdacontent
=337  \\$aunmediated$bn$2rdamedia
=338  \\$avolume$bnc$2rdacarrier
=490  1\$aU.S. Forest Service research note ;$vNE-40
=504  \\$aIncludes bibliographical references (page 7).
=530  \\$aAlso available online.
=591  \\$bNAL Reclamation
=593  \\$fAgricola CAT
=650  \0$aForest thinning$zMaryland.
=650  \0$aScrub pine$xThinning$zMaryland.
=650  \3$aPinus virginiana.
=651  \3$aMaryland.
=651  \7$aMaryland.$2fast$0(OCoLC)fst01204739
=655  \3$aInternet resource.
=700  1\$aBond, Adna R.
=710  2\$aNortheastern Forest Experiment Station (Radnor, Pa.)
=830  \0$aForest Service research note NE ;$v40.
=856  41$uhttps://archive.org/details/precommercialthi40fent
=912  \\$analcatalog
=930  \\$a20140116$b00000000$c00000000
=945  \\$aDigiMet
=945  \\$p12
=946  \\$aUSDA
=959  \\$c2014-01-15$essouder$gurl
=959  \\$c2014-01-16$earojas$gap
=994  \\$a92$bAGL

