=LDR  02098cam a2200541   4500
=001  9915490567107426
=005  20240624194640.0
=008  800401s1967\\\\dcua\\\\\\\\\\000\0\eng\c
=010  \\$aagr67000315 
=016  7\$aCAT10237999$2DNAL
=035  \\$a188784
=035  \\$a(OCoLC)00070206
=035  \\$a(DNAL)188784-naldb-Voyager
=040  \\$aU.S. Nat'l Agr. Libr.$beng$cDLC$dOCLCQ$dBTCTA$dOCLCO$dOCLCF$dOCLCQ$dCOD$dAGL
=049  \\$aAGLL
=070  0\$aA420$bR31 no. 120
=072  \0$a7000
=086  0\$aA 77.15:33-120
=100  1\$aNielson, Mervin William.$0http://id.loc.gov/authorities/names/n83005539
=245  10$aProcedures for screening and testing alfalfa for resistance to the alfalfa seed chalcid,$cby M.W. Nielson.
=260  \\$a[Washington]$c1967.
=300  \\$a10 pages$billustrations$c26 cm.
=336  \\$atext$btxt$2rdacontent
=337  \\$aunmediated$bn$2rdamedia
=338  \\$avolume$bnc$2rdacarrier
=490  1\$aUnited States. Agricultural Research Service. ARS33-$v120
=530  \\$aAlso available online.
=591  \\$bNAL Reclamation
=593  \\$fAgricola CAT
=650  \0$aAlfalfa$xDisease and pest resistance.$0http://id.loc.gov/authorities/subjects/sh85003384
=650  \0$aBruchophagus roddi.$0http://id.loc.gov/authorities/subjects/sh87020290
=650  \3$aalfalfa.
=650  \3$aBruchophagus roddi.
=655  \3$aInternet resource.
=776  08$iOnline version:$aNielson, Mervin William.$tProcedures for screening and testing alfalfa for resistance to the alfalfa seed chalcid.$d[Washington] 1967$w(OCoLC)742380230
=830  \0$aARS (Series) (United States. Agricultural Research Service) ;$v33-120.
=856  41$uhttps://archive.org/details/proceduresforscr120niel
=912  \\$analcatalog
=930  \\$a20201013$b00000000$c00000000
=938  \\$aBaker and Taylor$bBTCP$nagr67000315
=939  \\$a20140411$b20140502$c00000000
=939  \\$a20131022$b20131101$c00000000
=945  \\$aDigiMet
=945  \\$p16
=946  \\$aUSDA
=959  \\$c2013-10-22$essouder$gurl
=959  \\$c2020-10-13$ecbarone$gother
=994  \\$a92$bAGL

