=LDR  01498cam a2200445Ia 4500
=001  9915490567807426
=005  20240624194632.0
=008  800401s1960\\\\dcua\\\\\b\\\f000\0\eng\d
=016  7\$aCAT10250155$2DNAL
=035  \\$a188020
=035  \\$a(OCoLC)07452310
=035  \\$a(DNAL)188020-naldb-Voyager
=040  \\$aCOF$beng$cCOF$dOCLCQ$dOCLCF$dOCLCQ$dOCLCO$dKUK$dAGL
=049  \\$aAGLL
=070  \\$a1.96$bAd6Tp no. 137
=072  \0$a7000
=086  0\$aA 57.15:137
=100  1\$aHawk, Virgil B.
=245  10$aBirdsfoot trefoil seed production /$cby Virgil B. Hawk.
=260  \\$a[Washington, D.C.?] :$bU.S. Dept. of Agriculture, Soil Conservation Service,$c1960.
=300  \\$a12 pages :$billustrations ;$c28 cm.
=336  \\$atext$btxt$2rdacontent
=337  \\$aunmediated$bn$2rdamedia
=338  \\$avolume$bnc$2rdacarrier
=490  1\$aSCS-TP ;$v137
=504  \\$aIncludes bibliographical references (page 12).
=591  \\$bNAL Reclamation
=593  \\$fAgricola CAT
=650  \0$aForage plants$xSeeds.$0http://id.loc.gov/authorities/subjects/sh85050438
=655  \3$aInternet resource.
=710  1\$aUnited States.$bSoil Conservation Service.$0http://id.loc.gov/authorities/names/n78085479
=830  \0$aSCS-TP ;$v137.
=856  41$uhttps://archive.org/details/birdsfoottrefoil137hawk
=912  \\$analcatalog
=930  \\$a20140703$b20140807$c00000000
=945  \\$aDigiMet
=945  \\$p16
=946  \\$aUSDA
=959  \\$c2014-07-03$earojas$gap
=994  \\$a92$bAGL

