=LDR  01150cam a2200361M  4500
=001  9915490582607426
=005  20240624194640.0
=008  800401s1965\\\\ohu\\\\\\\\\\\000\0\eng\d
=016  7\$aCAT10225449$2DNAL
=035  \\$a188388
=035  \\$a(OCoLC)1289068456
=035  \\$a(DNAL)188388-naldb-Voyager
=040  \\$aAGL$beng$cAGL
=049  \\$aAGLL
=070  \\$aA99.9$bF7629Uf no. 3
=072  \0$a4500
=100  1\$aGansner, David A.
=245  10$aKentucky forests, Southern Cumberland Unit.
=260  \\$a[Columbus, Ohio]$c1965.
=300  \\$a37 p.$billus.
=490  1\$aU.S. Forest Service. Central States Forest Experiment Station. U.S. Forest Service resource bulletin CS-3
=591  \\$bNAL Reclamation
=593  \\$fAgricola CAT
=655  \3$aInternet resource.
=810  2\$aCentral States Forest Experiment Station (Columbus, Ohio).$tU.S. Forest Service resource bulletin CS.$v3.
=856  41$uhttps://archive.org/details/kentuckyforestss03gans
=912  \\$analcatalog
=930  \\$a20140703$b00000000$c00000000
=945  \\$aDigiMet
=945  \\$p48
=946  \\$aUSDA
=959  \\$c2014-07-03$earojas$gap
=994  \\$a92$bAGL

