=LDR  02514cam a2200517Ia 4500
=001  9915490585407426
=005  20240620193837.0
=008  800401s1968\\\\utua\\\\\b\\\f000\0\eng\d
=016  7\$aCAT10250200$2DNAL
=035  \\$a188154
=035  \\$a(OCoLC)32150199
=035  \\$a(DNAL)188154-naldb-Voyager
=040  \\$aSDB$beng$cSDB$dOCLCG$dNUI$dOCLCQ$dSEA$dOCLCF$dAGM$dAGL
=049  \\$aAGLL
=070  \\$aA99.9$bF764Un no. 80
=072  \0$a7000
=086  0\$aA 13.79:INT-80
=100  1\$aHoff, R. J.$q(Raymond J.)$0http://id.loc.gov/authorities/names/n81027500
=245  10$aRooting of needle fascicles from western white pine seedlings /$cRaymond J. Hoff and Geral I. McDonald.
=260  \\$aOgden, Utah :$bU.S. Dept. of Agriculture, Forest Service, Intermountain Forest & Range Experiment Station,$c1968.
=300  \\$a6 pages :$billustrations ;$c27 cm.
=336  \\$atext$btxt$2rdacontent
=337  \\$aunmediated$bn$2rdamedia
=338  \\$avolume$bnc$2rdacarrier
=490  1\$aU.S.D.A. Forest Service research note INT ;$v80
=504  \\$aIncludes bibliographical references (page 6).
=520  \\$a"In one test, 45 out of 318 (14 percent) needle fascicles from 2-year-old seedlings of Pinus monticola Dougl. were rooted. Eight of the needle fascicles produced shoot growth. In another test, 392 out of 742 (53 percent) needle fascicles were rooted, but none of these produced shoot growth."
=591  \\$bNAL Reclamation
=593  \\$fAgricola CAT
=650  \0$aWestern white pine$xPropagation.
=650  \0$aWestern white pine$xDisease and pest resistance.
=650  \0$aBlister rust.$0http://id.loc.gov/authorities/subjects/sh85014894
=650  \3$aPinus monticola.
=650  \3$avegetative propagation.
=655  \3$aInternet resource.
=700  1\$aMcDonald, G. I.$q(Geral I.)$0http://id.loc.gov/authorities/names/n81027498
=710  2\$aIntermountain Forest and Range Experiment Station (Ogden, Utah)$0http://id.loc.gov/authorities/names/n79062786
=776  08$iOnline version:$aHoff, R.J. (Raymond J.).$tRooting of needle fascicles from western white pine seedlings.$dOgden, Utah : U.S. Dept. of Agriculture, Forest Service, Intermountain Forest & Range Experiment Station, 1968$w(OCoLC)621533026
=830  \0$aUSDA Forest Service research note INT ;$v80.
=856  41$uhttps://archive.org/details/rootingofneedlef80hoff
=912  \\$analcatalog
=930  \\$a20140604$b00000000$c00000000
=945  \\$aDigiMet
=945  \\$p16
=946  \\$aUSDA
=994  \\$a92$bAGL

