=LDR  01892cam a2200529Ia 4500
=001  9915490591707426
=005  20240624194636.0
=008  800401s1967\\\\orua\\\\\b\\\f000\0\eng\d
=016  7\$aCAT10238051$2DNAL
=035  \\$a188934
=035  \\$a(OCoLC)41817754
=035  \\$a(DNAL)188934-naldb-Voyager
=040  \\$aAkJFS$beng$cW7L$dRLA$dMTG$dOCLCF$dOCLCQ$dOCLCO$dCOD$dOCL$dAGM$dWURST$dAGL
=043  \\$an-us-ak
=049  \\$aAGLL
=050  \0$aSD11$b.A456132 no. 60
=070  \\$aA99.9$bF7625U no. 60
=072  \0$a8000
=086  0\$aA 13.79:PNW-60
=100  1\$aPatric, James H.,$d1922-$0http://id.loc.gov/authorities/names/n81139607
=245  10$aFrost depth in forest soils near Juneau, Alaska /$cby J.H. Patric.
=260  \\$aPortland, Or. :$bPacific Northwest Forest and Range Experiment Station,$c[1967]
=300  \\$a7 pages :$billustrations ;$c27 cm.
=336  \\$atext$btxt$2rdacontent
=337  \\$aunmediated$bn$2rdamedia
=338  \\$avolume$bnc$2rdacarrier
=490  1\$aU.S. Forest Service research note PNW ;$v60
=504  \\$aIncludes bibliographical references (page 7).
=591  \\$bNAL Reclamation
=593  \\$fAgricola CAT
=650  \0$aForest soils$xResearch$zAlaska$zJuneau.
=650  \0$aFrozen ground$xResearch$zAlaska$zJuneau.
=650  \3$aforest soils.
=650  \3$afrost.
=651  \3$aAlaska.
=651  \7$aAlaska$zJuneau.$2fast$0(OCoLC)fst01213587
=655  \3$aInternet resource.
=710  2\$aPacific Northwest Forest and Range Experiment Station (Portland, Or.)$0http://id.loc.gov/authorities/names/n80126131
=830  \0$aU.S. Forest Service research note PNW ;$v60.
=856  41$uhttps://archive.org/details/frostdepthinfore60patr
=912  \\$analcatalog
=930  \\$a20140506$b00000000$c00000000
=945  \\$aDigiMet
=945  \\$p12
=946  \\$aUSDA
=959  \\$c2014-05-06$earojas$gap
=994  \\$a92$bAGL

