=LDR  01691cam a2200505   4500
=001  9915490594107426
=005  20240624194641.0
=008  800401s1965\\\\dcua\\\\\\\\\\000\0\eng\c
=010  \\$aagr66000040 
=016  7\$aCAT10225611$2DNAL
=035  \\$a188865
=035  \\$a(OCoLC)00009552
=035  \\$a(DNAL)188865-naldb-Voyager
=040  \\$aU.S. Nat'l Agr. Libr. A281.9 F76Fm no.171$beng$cDLC$dOCLCQ$dCLU$dOCLCO$dOCLCF$dOCLCQ$dCSF$dOKS$dAGL
=043  \\$au-at---
=049  \\$aAGLL
=050  00$aS21$b.Z2383 no. 171
=070  \\$aA281.9$bF76Fm no. 171
=072  \0$a1500
=086  0\$aA 67.26:171
=100  1\$aJean, Clarence V.,$d1921-
=245  14$aThe Australian wheat marketing system$c[by C.V. Jean.
=260  \\$aWashington]$bForeign Agricultural Service, U.S. Dept. of Agriculture,$c1965.
=300  \\$aiv, 23 pages$billustrations$c26 cm.
=336  \\$atext$btxt$2rdacontent
=337  \\$aunmediated$bn$2rdamedia
=338  \\$avolume$bnc$2rdacarrier
=490  1\$aUnited States. Foreign Agricultural Service. FAS-M$v171
=591  \\$bNAL Reclamation
=593  \\$fAgricola CAT
=650  \0$aWheat trade$zAustralia.
=650  \3$awheat$zAustralia.
=650  \3$awheat$xMarketing.
=651  \7$aAustralia.$2fast$0(OCoLC)fst01204543
=655  \3$aInternet resource.
=710  1\$aUnited States.$bForeign Agricultural Service.$0http://id.loc.gov/authorities/names/n80126196
=830  \0$aFAS M ;$v171.
=856  41$uhttps://archive.org/details/australianwheatm171jean
=912  \\$analcatalog
=930  \\$a20140306$b20140404$c00000000
=945  \\$aDigiMet
=945  \\$p32
=946  \\$aUSDA
=959  \\$c2014-03-06$earojas$gap
=994  \\$a92$bAGL

