=LDR  02347cam a2200613 a 4500
=001  9915490604907426
=005  20240624194638.0
=008  800401s1967\\\\orua\\\\\b\\\f000\0\eng\d
=016  7\$aCAT10237985$2DNAL
=019  \\$a1039815673$a1231810165
=035  \\$a188743
=035  \\$a(OCoLC)58994858$z(OCoLC)1039815673$z(OCoLC)1231810165
=035  \\$a(DNAL)188743-naldb-Voyager
=035  \\$z(OCoLC)1039815673$z(OCoLC)1231810165
=040  \\$aORE$beng$cORE$dOCL$dMTG$dOCLCF$dOCLCO$dOCLCQ$dOCL$dAGM$dOCLCQ$dAGL
=049  \\$aAGLL
=050  \0$aSD143$b.U51 no.57
=070  \\$aA99.9$bF7625U no. 57
=072  \0$a8000
=086  0\$aA 13.79:PNW-57
=245  00$aTwo simple, time-saving techniques for studies of soil micro-organisms /$cJ.L. Neal [and others].
=246  3\$aTwo simple, time saving techniques for studies of soil microorganisms
=260  \\$aPortland, Or. :$bPacific Northwest Forest and Range Experiment Station, U.S. Dept. of Agriculture,$c[1967]
=300  \\$a3 pages :$billustrations ;$c28 cm
=336  \\$atext$btxt$2rdacontent
=337  \\$aunmediated$bn$2rdamedia
=338  \\$avolume$bnc$2rdacarrier
=490  1\$aU.S. Forest Service research note PNW ;$v57
=504  \\$aIncludes bibliographical references.
=591  \\$bNAL Reclamation
=593  \\$fAgricola CAT
=650  \0$aSoil microbiology$xMethodology.
=650  \0$aSoil microbiology$vLaboratory manuals.
=650  \0$aMicrobiology$xCultures and culture media.$0http://id.loc.gov/authorities/subjects/sh85084785
=650  \3$aSoil.
=650  \3$aMicrobiology.
=650  \3$aLaboratory techniques.
=650  \3$aCulture media.
=650  \3$aAgar.
=650  \3$aMethodology.
=650  \3$aMicroorganisms.
=655  \3$aInternet resource.
=655  \7$aLaboratory manuals.$2fast$0(OCoLC)fst01920776
=700  1\$aNeal, John Lloyd.$0http://id.loc.gov/authorities/names/no2008021094
=710  2\$aPacific Northwest Forest and Range Experiment Station (Portland, Or.)$0http://id.loc.gov/authorities/names/n80126131
=830  \0$aU.S. Forest Service research note PNW ;$v57.
=856  41$uhttps://archive.org/details/twosimpletimesav57neal
=912  \\$analcatalog
=930  \\$a20140506$b00000000$c00000000
=945  \\$aDigiMet
=945  \\$p8
=946  \\$aUSDA
=959  \\$c2014-05-06$earojas$gap
=994  \\$a92$bAGL

