=LDR  01510cam a2200421 a 4500
=001  9915490613007426
=005  20240620195402.0
=008  800401s1966\\\\xx\\\\\\\\\\\\000\0\eng\d
=016  7\$aCAT10225574$2DNAL
=035  \\$a188755
=035  \\$a(OCoLC)20975530
=035  \\$a(DNAL)188755-naldb-Voyager
=040  \\$aUDR$beng$cUDR$dOCLCQ$dOCLCO$dEEM$dOCLCO$dOCLCF$dOCLCA$dOCLCQ$dAGL
=049  \\$aAGLL
=070  \\$aA64.9$bR31A no. 79
=072  \0$a7000
=100  1\$aHughes, Eugene E.
=245  10$aResults of field applications of herbicides for control of saltcedar (Tamarix Spp.) /$cEugene E. Hughes.
=260  \\$a[Place of publication not identified] :$bU.S. Dept. of Agriculture, Agricultural Research Service,$c1966.
=300  \\$a15 leaves ;$c28 cm
=336  \\$atext$btxt$2rdacontent
=337  \\$aunmediated$bn$2rdamedia
=338  \\$avolume$bnc$2rdacarrier
=591  \\$bNAL Reclamation
=593  \\$fAgricola CAT
=650  \0$aSaltcedar.$0http://id.loc.gov/authorities/subjects/sh2005007800
=650  \0$aTamarix chinensis$xControl.
=650  \0$aHerbicides.$0http://id.loc.gov/authorities/subjects/sh85060342
=655  \3$aInternet resource.
=710  1\$aUnited States.$bAgricultural Research Service.
=810  2\$aAgricultural Research Service.$tARS ;$v34-79.
=856  41$uhttps://archive.org/details/resultsoffieldap3479hugh
=912  \\$analcatalog
=930  \\$a20140209$b20140307$c00000000
=945  \\$aDigiMet
=945  \\$p20
=946  \\$aUSDA
=994  \\$a92$bAGL

