=LDR  01928cam a2200529Ia 4500
=001  9915490624207426
=005  20240624194639.0
=008  800401s1966\\\\pr\a\\\\\\\\\f000\0\eng\d
=016  7\$aCAT10238005$2DNAL
=035  \\$a188801
=035  \\$a(OCoLC)262686778
=035  \\$a(DNAL)188801-naldb-Voyager
=040  \\$aORE$beng$cORE$dMIN$dMTG$dNUI$dOCLCQ$dSEA$dCOD$dOCLCF$dAGM$dAGL
=041  0\$aeng$bspa
=049  \\$aAGLL
=050  10$aSD19.P8$bA57 no.8
=070  \\$aA99.9$bF7637N no. 8
=072  \0$a4500
=086  0\$aA 13.79:ITF-8
=100  1\$aNobles, R. W.
=245  10$aKilling unwanted West Indies mahogany trees by peeling and frilling /$cby R.W. Nobles and C.B. Briscoe.
=260  \\$aRio Piedras, Puerto Rico :$bInstitute of Tropical Forestry,$c[1966]
=300  \\$a3 pages :$billustrations ;$c28 cm.
=336  \\$atext$btxt$2rdacontent
=337  \\$aunmediated$bn$2rdamedia
=338  \\$avolume$bnc$2rdacarrier
=490  1\$aU.S. Forest Service research note ;$vno. ITF 8
=546  \\$aIn English with Spanish summary.
=591  \\$bNAL Reclamation
=593  \\$fAgricola CAT
=650  \0$aMahogany$xMortality.
=650  \0$aForest thinning.$0http://id.loc.gov/authorities/subjects/sh85050683
=650  \3$apeeling.
=650  \3$aweed control.
=650  \3$aphysical control.
=655  \3$aInternet resource.
=700  1\$aBriscoe, C. B.$0http://id.loc.gov/authorities/names/n88076980
=710  2\$aInstitute of Tropical Forestry (Río Piedras, San Juan, P.R.)$0http://id.loc.gov/authorities/names/n50064401
=810  2\$aInstitute of Tropical Forestry (Río Piedras, San Juan, P.R.).$tU.S. Forest Service research note ITF ;$v8.
=856  41$uhttps://archive.org/details/killingunwantedw08nobl
=912  \\$analcatalog
=930  \\$a20140703$b00000000$c00000000
=945  \\$aDigiMet
=945  \\$p8
=946  \\$aUSDA
=959  \\$c2014-07-03$earojas$gap
=994  \\$a92$bAGL

