=LDR  01750cas a2200529M  4500
=001  9915491992907426
=005  20240624195854.0
=008  001205d19uu19uudcuuu\\\\\\\\f0\\\\0eng\d
=016  7\$aCAT11090407$2DNAL
=035  \\$a860160
=035  \\$a(OCoLC)1289026274
=035  \\$a(DNAL)860160-naldb-Voyager
=040  \\$aAGL$beng$cAGL
=049  \\$aRQIC
=070  0\$aA284.9$bAg82
=110  1\$aUnited States.$bDepartment of Agriculture.$bOffice of Budget and Finance.
=245  10$aTables of financial operations.
=260  \\$a[Washington, D.C. :$bU.S. Dept. of Agriculture, Office of Budget and Finance]
=362  1\$aCeased.
=580  \\$aContinues, in part, U.S. Dept. of Agriculture. Office of Budget and Finance. Annual report of Director of Finance (1 B85R).
=591  \\$bNAL Reclamation
=593  \\$fAgricola CAT
=610  10$aUnited States.$bDepartment of Agriculture$xAppropriations and expenditures$vPeriodicals.
=650  \0$aAgriculture$xFinance$vPeriodicals.
=655  \3$aInternet resource.
=780  00$aUnited States. Dept. of Agriculture. Office of Budget and Finance.$tAnnual report of Director of Finance
=856  41$uhttps://archive.org/details/usda-reportbudgetandfinance
=912  \\$analcatalog
=930  \\$a20140702$b20140807$c00000000
=939  \\$a20140207$b20140307$c00000000
=945  \\$aDigiMet
=945  \\$vpt. 1
=945  \\$p108
=945  \\$aDigiMet
=945  \\$vpt. 2
=945  \\$p108
=945  \\$aDigiMet
=945  \\$vpt. 3
=945  \\$p118
=945  \\$aDigiMet
=945  \\$vpt. 4
=945  \\$p118
=946  \\$aUSDA
=959  \\$c2013-04-02$essouder$gap
=959  \\$c2014-01-02$ejgilbert$gsubjadd
=959  \\$c2014-02-07$edcollins$gsubjadd
=994  \\$a92$bAGL

