=LDR  01615cam a2200505Ma 4500
=001  9915492407207426
=005  20240624195929.0
=008  950126s1942\\\\ctua\\\\\\\\\\000\0\eng\d
=016  7\$aCAT10890618$2DNAL
=035  \\$a660761
=035  \\$a(OCoLC)1288974036
=035  \\$a(DNAL)660761-naldb-Voyager
=040  \\$aAGL$beng$cAGL
=049  \\$aRQIB
=070  0\$a91$bAS7D
=070  0\$a62.13$b1942
=072  \0$aF110
=110  2\$aAssociated Seed Growers, Inc.
=245  12$aA descriptive catalogue of vegetables for canning and quick freezing /$cAssociated Seed Growers, Inc.
=260  \\$aNew Haven, Conn. :$bAssociated Seed Growers, Inc.$c[1942]
=300  \\$a51 p. :$bill. ;$c23 cm.
=591  \\$bNAL Reclamation
=593  \\$fAgricola CAT
=650  \0$aVegetables.
=650  \0$aCanning and preserving.
=650  \0$aFrozen fruit.
=650  \0$aFrozen vegetables.
=650  \0$aVegetables$xPreservation.
=650  \0$aCanning and preserving$xEquipment and supplies$vCatalogs.
=650  \0$aNurseries (Horticulture)$vCatalogs.
=650  \0$aVegetables$xSeeds$vCatalogs.
=650  \0$aFruit$vCatalogs.
=655  \3$aInternet resource.
=710  2\$aHenry G. Gilbert Nursery and Seed Trade Catalog Collection.
=856  41$uhttps://archive.org/details/descriptivecata1942asso_0
=911  \\$ichl00046521
=912  \\$analcatalog
=930  \\$a20140902$b20141003$c00000000
=939  \\$a20140710$b20140807$c00000000
=945  \\$aDigiMet
=945  \\$p60
=945  \\$aDigiMet
=946  \\$aOther US
=958  \\$aresource$be$c2014-07-10$do$ecojoade$hrecon
=994  \\$a92$bAGL

