=LDR  02609cam a2200661Ia 4500
=001  9915494359507426
=005  20240620211518.0
=008  960606s1996\\\\utuab\\\\bs\\f000\0\eng\\
=016  7\$aCAT10749515$2DNAL
=019  \\$a988647394
=035  \\$a779424
=035  \\$a(OCoLC)34852645$z(OCoLC)988647394
=035  \\$a(DNAL)779424-naldb-Voyager
=035  \\$z(OCoLC)988647394
=040  \\$aAGL$beng$cAGL$dOCL$dOCLCQ$dDNU$dOCLCO$dOCLCF$dOCLCQ$dCOD$dOCLCA$dAGM$dOCLCA$dAGL
=043  \\$an-us-id
=049  \\$aAGLL
=050  \0$aSD11$b.O373 no.85, 1996
=070  0\$aA99.9$bF764Ub no.85
=072  \0$aK510
=074  \\$a0083-B-05
=086  0\$aA 13.80:INT-RB-85
=100  1\$aMcLain, William H.$0http://id.loc.gov/authorities/names/n85232629
=245  10$aIdaho's timber production and mill residue, 1990 /$cWilliam H. McLain, Charles E. Keegan III, Daniel P. Wichman.
=260  \\$aOgden, UT :$bU.S. Dept. of Agriculture, Forest Service, Intermountain Research Station,$c[1996]
=300  \\$a20 pages :$billustrations, map ;$c28 cm.
=336  \\$atext$btxt$2rdacontent
=337  \\$aunmediated$bn$2rdamedia
=338  \\$avolume$bnc$2rdacarrier
=490  1\$aResource bulletin INT ;$vRB-85
=504  \\$aIncludes bibliographical references (page 5).
=591  \\$bNAL Reclamation
=593  \\$fAgricola CAT
=650  \0$aTimber$zIdaho$vStatistics.
=650  \0$aSawmills$zIdaho.
=650  \3$aforest products.
=650  \3$aforest inventory.
=650  \3$aforest ownership.
=650  \3$ageographical distribution.
=651  \3$aIdaho.
=651  \7$aIdaho.$2fast$0(OCoLC)fst01211709
=655  \3$aInternet resource.
=655  \7$aStatistics.$2fast$0(OCoLC)fst01423727
=700  1\$aKeegan, Charles E.,$cIII$0http://id.loc.gov/authorities/names/n81077734
=700  1\$aWichman, Daniel P.$0http://id.loc.gov/authorities/names/no92029460
=710  1\$aUnited States.$bDepartment of Agriculture.
=710  2\$aIntermountain Research Station (Ogden, Utah)$0http://id.loc.gov/authorities/names/n85066590
=776  08$iOnline version:$aMcLain, William H.$tIdaho's timber production and mill residue, 1990.$dOgden, UT : U.S. Dept. of Agriculture, Forest Service, Intermountain Research Station, [1996]$w(OCoLC)1142628501
=830  \0$aResource bulletin INT ;$v85.
=856  41$uhttps://archive.org/details/idahostimberprod85mcla
=912  \\$analcatalog
=930  \\$a20140603$b20140704$c00000000
=939  \\$a19960709$b19960712$c00000000
=945  \\$dRLG$e96/06/04$fAR$g96/06$n1
=945  \\$p28
=945  \\$aDigiMet
=946  \\$aUSDA
=994  \\$a92$bAGL

