=LDR  02040cam a2200541Ia 4500
=001  9915494513807426
=005  20240620211614.0
=008  960604s1996\\\\pauab\\\\s\\\f000\0\eng\\
=016  7\$aCAT10749327$2DNAL
=035  \\$a779248
=035  \\$a(OCoLC)34828854
=035  \\$a(DNAL)779248-naldb-Voyager
=040  \\$aAGL$beng$cAGL$dOCL$dOCLCQ$dOCLCO$dOCLCA$dOCLCF$dOCLCQ$dAGM$dOCLCA$dLHL$dAGL
=043  \\$an-use--
=049  \\$aAGLL
=050  \0$aSD11$b.U652 no.133, 1996
=070  0\$aA99.9$bF7622Uf no.133
=072  \0$aK530
=086  0\$aA 13.80:NE-133
=100  1\$aWidmann, Richard H.
=245  10$aPulpwood production in the Northeast :$b1991, 1992, and 1993 /$cRichard H. Widmann.
=260  \\$aRadnor, PA :$bU.S. Dept. of Agriculture, Forest Service, Northeastern Forest Experiment Station,$c[1996]
=300  \\$a24 pages :$billustrations, map ;$c28 cm.
=336  \\$atext$btxt$2rdacontent
=337  \\$aunmediated$bn$2rdamedia
=338  \\$avolume$bnc$2rdacarrier
=490  1\$aResource bulletin NE ;$v133
=591  \\$bNAL Reclamation
=593  \\$fAgricola CAT
=650  \0$aPulpwood industry$zNortheastern States$vStatistics.
=651  \1$aNortheastern States of USA.
=650  \3$awood chips.
=650  \3$aroundwood.
=651  \7$aNortheastern States.$2fast$0(OCoLC)fst01242521
=655  \3$aInternet resource.
=655  \7$aStatistics.$2fast$0(OCoLC)fst01423727
=710  2\$aNortheastern Forest Experiment Station (Radnor, Pa.)
=776  08$iOnline version:$aWidmann, Richard H.$tPulpwood production in the Northeast.$dRadnor, PA : U.S. Dept. of Agriculture, Forest Service, Northeastern Forest Experiment Station, [1996]$w(OCoLC)630651758
=830  \0$aResource bulletin NE ;$v133.
=856  41$uhttps://archive.org/details/pulpwoodproducti133widm
=912  \\$analcatalog
=930  \\$a20140207$b20140307$c00000000
=939  \\$a19960709$b19960712$c00000000
=945  \\$dARS$e96/05/30$fEJ$g96/06/04$n1
=945  \\$p32
=945  \\$aDigiMet
=946  \\$aUSDA
=994  \\$a92$bAGL

