=LDR  02642cam a2200649Ia 4500
=001  9915495971107426
=005  20240620170601.0
=006  e\\\\ac\a\\f\\0\\\
=007  aj\canzn
=008  981019s1998\\\\dcuab\\\\b\\\f000\0\eng\d
=016  7\$aCAT10856477$2DNAL
=019  \\$a40121561$a62493492$a1039869034
=035  \\$a821753
=035  \\$a(OCoLC)42139104$z(OCoLC)40121561$z(OCoLC)62493492$z(OCoLC)1039869034
=035  \\$a(DNAL)821753-naldb-Voyager
=035  \\$z(OCoLC)40121561$z(OCoLC)62493492$z(OCoLC)1039869034
=040  \\$aESR$beng$cESR$dVHB$dIWA$dAGL$dOCLCQ$dGPO$dSTF$dMNU$dSNJ$dOCLCQ$dOCLCA$dOCLCF$dOCLCO$dOCLCA$dEZC$dAGM$dOCLCQ
=043  \\$an------
=049  \\$aAGLL
=050  10$aQH102$b.E36 1998
=070  0\$a1$bAg84M no.1548
=072  \0$aX300
=074  \\$a0013-A
=086  0\$aA 1.38:1548/CORR
=086  0\$aA 1.38:1548
=245  00$aEcoregions map of North America :$bexplanatory note /$cprepared in cooperation with the Nature Conservancy and the U.S. Geological Survey by Robert G. Bailey.
=246  3\$aEcoregions of North America
=260  \\$a[Washington, D.C.] :$bU.S. Dept. of Agriculture, Forest Service,$c[1998]
=300  \\$aii, 10 pages :$bcolor illustrations ;$c28 cm +$e1 folded map in pocket
=336  \\$atext$btxt$2rdacontent
=337  \\$aunmediated$bn$2rdamedia
=338  \\$avolume$bnc$2rdacarrier
=490  1\$aMiscellaneous publication ;$vno. 1548
=504  \\$aIncludes bibliographical references (pages 5-6).
=591  \\$bNAL Reclamation
=593  \\$fAgricola CAT
=650  \0$aBiotic communities$zNorth America.
=650  \0$aVegetation and climate$zNorth America.
=650  \3$aEcosystems.
=651  \3$aNorth America
=651  \7$aNorth America.$2fast$0(OCoLC)fst01242475
=655  \3$aInternet resource.
=700  1\$aBailey, Robert G.,$d1939-$0http://id.loc.gov/authorities/names/n79114040
=700  1\$aBailey, Robert G.,$d1939-$tEcoregions of North America.
=710  2\$aNature Conservancy (U.S.)
=710  2\$aGeological Survey (U.S.)$0http://id.loc.gov/authorities/names/n80092173
=776  08$iOnline version:$tEcoregions map of North America.$d[Washington, D.C.] : U.S. Dept. of Agriculture, Forest Service, [1998]$w(OCoLC)642360641
=830  \0$aMiscellaneous publication (United States. Department of Agriculture) ;$vno. 1548.
=856  41$uhttps://archive.org/details/ecoregionsmapofn1548bail
=912  \\$analcatalog
=930  \\$a20140305$b20140404$c00000000
=939  \\$a19981102$b19981110$c00000000
=945  \\$dDF$e98/10/16$fVS$g98/10/19$n1
=945  \\$p24
=945  \\$aDigiMet
=946  \\$aUSDA
=994  \\$a92$bAGL

