=LDR  02065cam a2200433Mi 4500
=001  9915496346207426
=005  20240620172525.0
=008  861028s1921\\\\mnua\\\\\\\\\\000\0\eng\d
=016  7\$aCAT10723972$2DNAL
=035  \\$a328541
=035  \\$a(OCoLC)63335188
=035  \\$a(DNAL)328541-naldb-Voyager
=040  \\$aCOO$beng$cCOO$dGZM$dAGL$dOCLCE$dKRTAS$dOCLCF$dOCLCO$dOCLCQ
=049  \\$aRQIB
=050  \0$aSF487$b.N88 1921
=070  0\$a47$bN85B
=072  \0$aL500
=100  1\$aNourse, H. A.$q(Harold Alvah),$d1875-$0http://id.loc.gov/authorities/names/n88144919
=245  10$aBest methods of feeding little chicks, growing chicks, fowls, turkeys, ducks and geese, for eggs, for market and for exhibition, with formulas for mixing rations /$cby H.A. Nourse.
=260  \\$aSt. Paul, Minn. :$bPoultry Herald,$c[©1921]
=300  \\$a30 pages :$billustrations ;$c30 cm
=336  \\$atext$btxt$2rdacontent
=337  \\$aunmediated$bn$2rdamedia
=338  \\$avolume$bnc$2rdacarrier
=591  \\$bNAL Reclamation
=593  \\$fAgricola CAT
=650  \0$aPoultry$xFeeding and feeds.$0http://id.loc.gov/authorities/subjects/sh85105899
=655  \3$aInternet resource.
=776  08$iOnline version:$aNourse, H.A. (Harold Alvah), 1875.$tBest methods of feeding little chicks, growing chicks, fowls, turkeys, ducks and geese, for eggs, for market and for exhibition, with formulas for mixing rations.$dSt. Paul, Minn. : Poultry Herald, [©1921]$w(OCoLC)441939425
=776  08$iOnline version:$aNourse, H.A. (Harold Alvah), 1875.$tBest methods of feeding little chicks, growing chicks, fowls, turkeys, ducks and geese, for eggs, for market and for exhibition, with formulas for mixing rations.$dSt. Paul, Minn. : Poultry Herald, [©1921]$w(OCoLC)619180334
=856  41$uhttps://archive.org/details/bestmethodsoffee00nour
=911  \\$ichl00017835
=912  \\$analcatalog
=930  \\$a20140702$b20140807$c00000000
=938  \\$aKirtas Technologies, Inc.$bKRTS$n308830
=945  \\$aDigiMet
=945  \\$p36
=946  \\$aOther US
=994  \\$a92$bAGL

