=LDR  02239cam a2200613I  4500
=001  9915498243307426
=005  20240624174616.0
=008  911115s1939\\\\dcua\\\\\\\\\\000\0\eng\d
=016  7\$aCAT10522781$2DNAL
=035  \\$a465879
=035  \\$a(OCoLC)00809439
=035  \\$a(DNAL)465879-naldb-Voyager
=040  \\$aCSU$beng$cCSU$dOCL$dOCLCQ$dOCLCG$dOCLCQ$dOCLCO$dOCLCF$dOCLCQ$dAGM$dOCLCQ$dAGL
=049  \\$aAGAA
=050  \0$aS21$b.A46 no.295
=070  0\$a1$bAg84M no.295 1939
=072  \0$aF700
=072  \0$aK001
=100  1\$aRandall, Charles E.$q(Charles Edgar),$d1897-1986.$0http://id.loc.gov/authorities/names/no2001075644
=245  10$aFamous trees.$c[By Charles E. Randall and D. Priscilla Edgerton.
=260  \\$aWashington,$bU.S. Govt. Print. Off.,$c1939]
=300  \\$a116 pages$billustrations$c23 cm.
=336  \\$atext$btxt$2rdacontent
=337  \\$aunmediated$bn$2rdamedia
=338  \\$avolume$bnc$2rdacarrier
=490  0\$aU.S. Dept. of Agriculture. Miscellaneous publication$vno. 295
=591  \\$bNAL Reclamation
=593  \\$fAgricola CAT
=650  \0$aTrees.$0http://id.loc.gov/authorities/subjects/sh85137241
=650  \3$ahistory.
=655  \3$aInternet resource.
=700  1\$aEdgerton, Mrs. Daisy Priscilla Smith,$d1868-$eauthor.
=776  08$iOnline version:$aRandall, Charles E. (Charles Edgar), 1897-1986.$tFamous trees.$dWashington, U.S. Govt. Print. Off., 1939]$w(OCoLC)784302326
=852  \\$aDNAr$iQK482.R36 1939
=856  41$uhttps://archive.org/details/famoustrees295rand
=912  \\$analcatalog
=930  \\$a20191202$b20200106$c00000000
=939  \\$a20190723$b20190801$c00000000
=939  \\$a20140305$b20140404$c00000000
=939  \\$a20121115$b20121207$c00000000
=939  \\$a20120718$b20120904$c00000000
=939  \\$a20091115$b20091204$c00000000
=939  \\$a19950203$b19950222$c00000000
=945  \\$dSS$e90/03/21$fJR$g90/03/23
=945  \\$p124
=945  \\$aDigiMet
=945  \\$aDigiMet
=946  \\$aUSDA
=958  \\$aresource$bh$c2012-11-05$dn$ejondusko$hrecon
=959  \\$c2012-11-15$essouder$gother
=959  \\$c2009-11-15$edcollins$gap
=959  \\$c2019-07-23$earojas$gap
=959  \\$c2019-12-02$earojas$gap
=994  \\$a92$bAGL

