=LDR  02487cam a2200685Mu 4500
=001  9915500331507426
=005  20240620190514.0
=008  010118s2000\\\\pauab\\\\abdsf000\0\eng\d
=016  7\$aCAT11092421$2DNAL
=019  \\$a45703695
=035  \\$a863677
=035  \\$a(OCoLC)1039869018$z(OCoLC)45703695
=035  \\$a(DNAL)863677-naldb-Voyager
=035  \\$z(OCoLC)45703695
=040  \\$aAGM$beng$cAGM$dAGL$dOCLCF$dGZM$dOCLCA
=043  \\$an-us-ri
=049  \\$aAGLL
=070  0\$aA99.9$bF7622Uf no. 149
=072  \0$aK250
=086  0\$aA 13.80:NE-149
=100  1\$aAlerich, Carol L.
=245  10$aForest statistics for Rhode Island, 1985 and 1998 /$cCarol L. Alerich.
=260  \\$aNewtown Square, Pa. :$bU.S. Forest Service, Northeastern Research Station,$c2000.
=300  \\$a104 p. :$bill., maps ;$c28 cm.
=336  \\$atext$btxt$2rdacontent
=337  \\$aunmediated$bn$2rdamedia
=338  \\$avolume$bnc$2rdacarrier
=490  1\$aResource bulletin NE ;$v149
=504  \\$aIncludes bibliographical references.
=530  \\$aLibrary also holds microfiche, Washington, DC : Supt. of Docs., U.S. G.P.O., 2003 . 21 microfiches ; negative (NAL call no.: S-133 (A 13.80:NE-149)
=591  \\$bNAL Reclamation
=593  \\$fAgricola CAT
=650  \0$aForests and forestry$zRhode Island$vStatistics.
=650  \0$aTimber$zRhode Island$vStatistics.
=650  \3$apulpwood.
=650  \3$aroundwood.
=650  \3$alogging.
=650  \3$aforest resources.
=650  \3$aforest inventory.
=650  \3$aforest statistics.
=650  \3$aforest ownership.
=650  \3$abiomass production.
=650  \3$aarea.
=651  \3$aRhode Island.
=651  \7$aRhode Island.$2fast$0(OCoLC)fst01204599
=655  \3$aInternet resource.
=655  \7$aStatistics.$2fast$0(OCoLC)fst01423727
=710  2\$aNortheastern Forest Experiment Station (U.S.).
=776  08$iOnline version:$aAlerich, Carol L.$tForest statistics for Rhode Island.$dNewton Square, PA : U.S. Dept. of Agriculture, Forest Service, Northeastern Research Station, [2000]$w(OCoLC)624313912
=830  \0$aResource bulletin NE ;$v149.
=856  41$uhttps://archive.org/details/foreststatistics149aler
=912  \\$analcatalog
=930  \\$a20140207$b20140307$c00000000
=939  \\$a20041101$b20041201$c00000000
=939  \\$a20010204$b20010209$c00000000
=945  \\$dDF$e2001/01/11$fJR$g2001/01/18$n1
=945  \\$p116
=945  \\$aDigiMet
=946  \\$aUSDA
=994  \\$a92$bAGL

