=LDR  02961cam a2200697Ii 4500
=001  9915501128007426
=005  20240624181111.0
=008  780501s1977\\\\oruab\\\\b\\\f000\0\eng\d
=016  7\$aCAIN789029742$2DNAL
=019  \\$a631160435$a1225773295
=035  \\$a1216675
=035  \\$a(OCoLC)03923579$z(OCoLC)631160435$z(OCoLC)1225773295
=035  \\$a(DNAL)1216675-naldb-Voyager
=035  \\$z(OCoLC)631160435$z(OCoLC)1225773295
=040  \\$aGPO$beng$cGPO$dOCLCQ$dISL$dOCLCQ$dOCLCF$dOCLCQ$dOCLCO$dSEA$dAGL$dOCL$dSFR$dAGM$dOCL
=043  \\$an-us-ak
=049  \\$aAGLL
=050  \0$aSD11$b.A45621 no.227
=070  0\$aA99.9$bF7625Uni no.227
=072  \0$a3505
=074  \\$a83-B
=086  0\$aA 13.78:PNW-227
=100  1\$aSwanston, Douglas N.$0http://id.loc.gov/authorities/names/n77018442
=245  12$aA quantitative geomorphic approach to predicting productivity of pink and chum salmon streams in southeast Alaska /$cby Douglas N. Swanston, William R. Meehan, James A. McNutt.
=260  \\$aPortland, Or. :$bU.S. Dept. of Agriculture, Forest Service, Pacific Northwest Forest and Range Experiment Station,$c1977.
=300  \\$a16 pages :$billustrations, map ;$c27 cm.
=336  \\$atext$btxt$2rdacontent
=337  \\$aunmediated$bn$2rdamedia
=338  \\$avolume$bnc$2rdacarrier
=490  1\$aUSDA Forest Service research paper PNW ;$v227
=504  \\$aIncludes bibliographical references (pages 13-14).
=530  \\$aAlso available on the Internet.
=591  \\$bNAL Reclamation
=593  \\$fAgricola CAT
=650  \0$aChum salmon$zAlaska, Southeast.
=650  \0$aPink salmon$zAlaska, Southeast.
=650  \3$ahabitats.
=650  \3$asalmon.
=650  \3$astreams.
=650  \3$apopulation.
=650  \3$afish production.
=651  \3$aAlaska.
=651  \7$aSoutheast Alaska.$2fast$0(OCoLC)fst01692689
=655  \3$aInternet resource.
=700  1\$aMeehan, William R.,$eauthor.$0http://id.loc.gov/authorities/names/n82064013
=700  1\$aMcNutt, James A.,$eauthor.
=710  2\$aPacific Northwest Forest and Range Experiment Station (Portland, Or.)$0http://id.loc.gov/authorities/names/n80126131
=710  1\$aUnited States.$bForest Service.$0http://id.loc.gov/authorities/names/n79054932
=776  08$iOnline version:$aSwanston, Douglas N.$tQuantitative geomorphic approach to predicting productivity of pink and chum salmon streams in southeast Alaska.$dPortland, Or. : Dept. of Agriculture, Forest Service, Pacific Northwest Forest and Range Experiment Station, 1977$w(OCoLC)631759773
=830  \0$aUSDA Forest Service research paper PNW ;$v227.
=852  \\$aDNAL$iA99.9 F7625UNI
=856  41$uhttps://archive.org/details/CAIN789029742
=912  \\$analcatalog
=930  \\$a20150717$b20150807$c00000000
=939  \\$a00000000$b19780501$c00000000
=945  \\$aIND
=945  \\$p30
=945  \\$aDigiMet
=946  \\$aUSDA
=958  \\$be$c2015-07-17$dn$earojas
=994  \\$a92$bAGL

