=LDR  01832cam a2200481Ia 4500
=001  9915502736807426
=005  20240624182453.0
=008  800401s1965\\\\ncu\\\\\\b\\\f000\0\eng\d
=016  7\$aCAT10225223$2DNAL
=035  \\$a187725
=035  \\$a(OCoLC)46865824
=035  \\$a(DNAL)187725-naldb-Voyager
=040  \\$aNOC$beng$cNOC$dMTG$dOCLCF$dOCLCQ$dKLG$dOCLCA$dAGM$dWURST$dOCL$dAGL
=049  \\$aAGLL
=050  10$aSD144.A15$bS73 no. 117 Suppl.
=070  \\$a1.9622$bS4St2 no. 117 1965 Suppl.
=072  \0$a4500
=086  0\$aA 13.63/9:117/SUPP.
=245  00$aPublications of the Southeastern Forest Experiment Station 1959-1963 /$ccompiled by Hilda J. Brown.
=260  \\$aAsheville, N.C. :$bU.S. Dept. of Agriculture, Forest Service, Southeastern Forest Experiment Station,$c1965.
=300  \\$a71 pages ;$c23 cm.
=336  \\$atext$btxt$2rdacontent
=337  \\$aunmediated$bn$2rdamedia
=338  \\$avolume$bnc$2rdacarrier
=490  1\$aSupplement to Station paper ;$vno. 117
=591  \\$bNAL Reclamation
=593  \\$fAgricola CAT
=610  20$aSoutheastern Forest Experiment Station (Asheville, N.C.)$vBibliography.
=610  27$aSoutheastern Forest Experiment Station (Asheville, N.C.)$2fast$0(OCoLC)fst00533634
=650  \0$aForests and forestry$vBibliography.$0http://id.loc.gov/authorities/subjects/sh85050709
=650  \3$apublications.
=655  \3$aInternet resource.
=655  \7$aBibliographies.$2fast$0(OCoLC)fst01919895
=700  1\$aBrown, Hilda J.
=830  \0$aStation paper - Southeastern Forest Experiment Station ;$vno. 117.
=856  41$uhttps://archive.org/details/publicationsofso117brow_0
=912  \\$analcatalog
=930  \\$a20140703$b00000000$c00000000
=945  \\$aDigiMet
=945  \\$p80
=946  \\$aUSDA
=959  \\$c2014-07-03$earojas$gap
=994  \\$a92$bAGL

