=LDR  01118cam a2200373M  4500
=001  9915502746107426
=005  20240624182452.0
=008  800401s1966\\\\dcu\\\\\\\\\\\000\0\eng\d
=016  7\$aCAT10229265$2DNAL
=035  \\$a197851
=035  \\$a(OCoLC)1289022878
=035  \\$a(DNAL)197851-naldb-Voyager
=040  \\$aAGL$beng$cAGL
=049  \\$aAGLL
=070  \\$aA280.39.R31A$bno. 6
=072  \0$a3500
=100  1\$aQuinlan, James K.,$d1928-
=245  10$aEvaluation in Illinois of four inert dusts on stored shelled corn for protection against insects; a progress report.
=260  \\$a[Washington]$c1966.
=300  \\$a20 p.$billus.
=490  1\$aU.S. Agricultural Research Service. ARS 51-6
=504  \\$a"Literature cited": p. 19-20.
=591  \\$bNAL Reclamation
=593  \\$fAgricola CAT
=655  \3$aInternet resource.
=830  \0$aARS 51 ;$v6.
=856  41$uhttps://archive.org/details/evaluationinilli06quin
=912  \\$analcatalog
=930  \\$a20140306$b00000000$c00000000
=945  \\$aDigiMet
=945  \\$p24
=946  \\$aUSDA
=959  \\$c2014-03-06$earojas$gap
=994  \\$a92$bAGL

