=LDR  01324cam a2200433M  4500
=001  9915553211607426
=005  20240624162916.0
=008  800401s1969\\\\cau\\\\\\\\\\\000\0\eng\d
=016  7\$aCAT10251821$2DNAL
=035  \\$a192890
=035  \\$a(OCoLC)1289019829
=035  \\$a(DNAL)192890-naldb-Voyager
=040  \\$aAGL$beng$cAGL
=049  \\$aAGLL
=070  \\$aA381$bR31Ab no. 50
=072  \0$a1500
=111  2\$aDry Bean Research Conference$n(9th :$d1968 :$cFort Collins, Colo.)
=245  10$aReport.
=260  \\$aAlbany, Calif.$c1969.
=300  \\$a94 p.$billus.
=490  1\$aU.S. Agricultural Research Service. ARS 74-50
=504  \\$aIncludes bibliographies.
=591  \\$bNAL Reclamation
=593  \\$fAgricola CAT
=650  \0$aDried beans$xCongresses.
=650  \0$aDried beans$xResearch.
=655  \3$aInternet resource.
=710  2\$aNational Dry Bean Council.
=710  1\$aUnited States.$bAgricultural Research Service.$bWestern Utilization Research and Development Division.
=830  \0$aARS 74 ;$v50.
=856  41$uhttps://archive.org/details/report7450dryb
=912  \\$analcatalog
=930  \\$a20140116$b20140207$c00000000
=945  \\$aDigiMet
=945  \\$p104
=946  \\$aUSDA
=959  \\$c2014-01-15$essouder$gurl
=959  \\$c2014-01-16$earojas$gap
=994  \\$a92$bAGL

