=LDR  01671cam a2200493 a 4500
=001  9915553222207426
=005  20240624162912.0
=008  800401s1967\\\\paua\\\\\\\\\f000\0\eng\d
=016  7\$aCAT10239172$2DNAL
=035  \\$a192204
=035  \\$a(OCoLC)311551723
=035  \\$a(DNAL)192204-naldb-Voyager
=040  \\$aMTG$beng$cMTG$dMTG$dMIN$dOCLCA$dOCLCQ$dCOD$dOCLCA$dAGM$dOCLCA$dOCLCQ$dAGL
=049  \\$aAGLL
=050  \0$aSD11$b.A4550 NE-57
=070  \\$aA99.9$bF7622U no. 57
=072  \0$a4500
=086  0\$aA 13.79:NE-57
=100  1\$aGrisez, Ted J.$0http://id.loc.gov/authorities/names/no2014068678
=245  10$aPruning open-grown black cherry /$c[T.J. Grisez].
=260  \\$aUpper Darby, Pa. :$bNortheastern Forest Experiment Station, Forest Service, U.S. Dept. of Agriculture,$c1967.
=300  \\$a7 pages :$billustrations ;$c25 cm
=336  \\$atext$btxt$2rdacontent
=337  \\$aunmediated$bn$2rdamedia
=338  \\$avolume$bnc$2rdacarrier
=490  1\$aU.S. Forest Service research note NE ;$v57
=530  \\$aAlso available online.
=591  \\$bNAL Reclamation
=593  \\$fAgricola CAT
=650  \0$aBlack cherry$xPruning.
=650  \3$aPruning.
=650  \3$aPrunus serotina.
=655  \3$aInternet resource.
=710  2\$aNortheastern Forest Experiment Station (Radnor, Pa.)
=830  \0$aU.S. Forest Service research note NE ;$v57.
=856  41$uhttps://archive.org/details/pruningopengrown57gris
=912  \\$analcatalog
=930  \\$a20140116$b00000000$c00000000
=945  \\$aDigiMet
=945  \\$p12
=946  \\$aUSDA
=959  \\$c2014-01-15$essouder$gurl
=959  \\$c2014-01-16$earojas$gap
=994  \\$a92$bAGL

