=LDR  01159cam a2200373M  4500
=001  9915553229407426
=005  20240624162919.0
=008  800401s1966\\\\oru\\\\\\\\\\\000\0\eng\d
=016  7\$aCAT10226726$2DNAL
=035  \\$a192114
=035  \\$a(OCoLC)1288995133
=035  \\$a(DNAL)192114-naldb-Voyager
=040  \\$aAGL$beng$cAGL
=049  \\$aAGLL
=070  \\$aA99.9$bF7625U no. 32
=072  \0$a2000
=100  1\$aDealy, J. Edward.
=245  10$aSpotlighting deer; potentials for management in western Oregon.
=260  \\$aPortland, Or.,$c1966.
=300  \\$a8 p.
=490  1\$aU.S. Forest Service research note PNW,$v32.
=490  1\$aU.S. Forest Service. Pacific Northwest Forest Experiment Station. U.S. Forest Service research note PNW-32
=591  \\$bNAL Reclamation
=593  \\$fAgricola CAT
=655  \3$aInternet resource.
=830  \0$aU.S. Forest Service research note PNW ;$v32.
=856  41$uhttps://archive.org/details/spotlightingdeer32deal
=912  \\$analcatalog
=930  \\$a20140506$b00000000$c00000000
=945  \\$aDigiMet
=945  \\$p12
=946  \\$aUSDA
=959  \\$c2014-05-06$earojas$gap
=994  \\$a92$bAGL

