=LDR  01769cam a2200469 a 4500
=001  9915553270007426
=005  20240624162918.0
=008  800401s1968\\\\mdua\\\\\\\\\f000\0\eng\d
=016  7\$aCAT10239198$2DNAL
=035  \\$a192281
=035  \\$a(OCoLC)826027302
=035  \\$a(DNAL)192281-naldb-Voyager
=040  \\$aMUU$beng$cMUU$dOCLCO$dOCLCF$dOCLCO$dOCLCQ$dOCLCO$dAGL$dOCLCQ
=049  \\$aAGLL
=070  0\$aA56.9$bR31 no. 139
=072  \0$a3000
=086  0\$aA 77.15:ARS-41-139
=100  1\$aHanks, R. J.$q(Ronald John),$d1927-$0http://id.loc.gov/authorities/names/n79064940
=245  10$aPortable counting integrator for low-voltage signals /$c[R.J. Hanks and H.R. Gardner].
=260  \\$aBeltsville, Md. :$bAgricultural Research Service, U.S. Dept. of Agriculture,$c[1968]
=300  \\$a7 pages :$billustrations ;$c26 cm
=336  \\$atext$btxt$2rdacontent
=337  \\$aunmediated$bn$2rdamedia
=338  \\$avolume$bnc$2rdacarrier
=490  1\$aARS ;$v41-139
=591  \\$bNAL Reclamation
=593  \\$fAgricola CAT
=650  \0$aLow voltage integrated circuits$xDesign and construction.
=655  \3$aInternet resource.
=700  1\$aGardner, H. R.,$eauthor.
=710  1\$aUnited States.$bAgricultural Research Service.$bSoil and Water Conservation Research Division.$0http://id.loc.gov/authorities/names/n83008026
=830  \0$aARS (Series) (United States. Agricultural Research Service) ;$v41-139.
=856  41$uhttps://archive.org/details/portablecounting13hank
=912  \\$analcatalog
=930  \\$a20201014$b00000000$c00000000
=939  \\$a20160210$b20160304$c00000000
=945  \\$aDigiMet
=945  \\$p12
=946  \\$aUSDA
=958  \\$be$c2016-02-08$dn$edfriedma
=959  \\$c2016-02-10$earojas$gap
=994  \\$a92$bAGL

