=LDR  01938cam a2200541Ia 4500
=001  9915553277007426
=005  20240624162938.0
=008  800401s1965\\\\akuab\\\\b\\\f000\0\eng\d
=016  7\$aCAT10226946$2DNAL
=035  \\$a192758
=035  \\$a(OCoLC)41817558
=035  \\$a(DNAL)192758-naldb-Voyager
=040  \\$aAkJFS$beng$cW7L$dRLA$dOCLCQ$dMTG$dOCLCF$dOCLCQ$dCOD$dAGM$dOCLCA$dWURST$dAGL
=043  \\$an-us-ak
=049  \\$aAGLL
=050  \0$aSD11$b.A456135 no.10
=070  \\$aA99.9$bF7672U no. 10
=072  \0$a4500
=086  0\$aA 13.79:NOR-10
=100  1\$aHarris, A. S.$0http://id.loc.gov/authorities/names/n84177588
=245  10$aAerial seeding sitka spruce and western hemlock on a cutover area in southeast Alaska /$cA.S. Harris.
=260  \\$aJuneau, Alaska :$bNorthern Forest Experiment Station,$c1965.
=300  \\$a6 pages :$billustrations, maps ;$c27 cm.
=336  \\$atext$btxt$2rdacontent
=337  \\$aunmediated$bn$2rdamedia
=338  \\$avolume$bnc$2rdacarrier
=490  1\$aResearch Note NOR ;$v10
=504  \\$aIncludes bibliographical references.
=591  \\$bNAL Reclamation
=593  \\$fAgricola CAT
=650  \0$aReforestation$zAlaska.
=650  \0$aForests and forestry$zAlaska.
=650  \0$aForest management$zAlaska.
=650  \3$aPicea sitchensis.
=650  \3$aTsuga heterophylla.
=651  \3$aAlaska.
=651  \7$aAlaska.$2fast$0(OCoLC)fst01204480
=655  \3$aInternet resource.
=710  2\$aNorthern Forest Experiment Station (Juneau, Alaska)$0http://id.loc.gov/authorities/names/no2009160659
=810  2\$aNorthern Forest Experiment Station (Juneau, Alaska).$tU.S. Forest service research note NOR ;$v10.
=856  41$uhttps://archive.org/details/aerialseedingsit10harr
=912  \\$analcatalog
=930  \\$a20140703$b00000000$c00000000
=945  \\$aDigiMet
=945  \\$p12
=946  \\$aUSDA
=959  \\$c2014-07-03$earojas$gap
=994  \\$a92$bAGL

