=LDR  01959cam a2200529Ma 4500
=001  9915553306707426
=005  20240624163006.0
=008  800401s1965\\\\paua\\\\\b\\\f000\0\eng\d
=016  7\$aCAT10227011$2DNAL
=035  \\$a192951
=035  \\$a(OCoLC)449838365
=035  \\$a(DNAL)192951-naldb-Voyager
=040  \\$aMNU$beng$cMNU$dNUI$dOCLCA$dPHA$dOCLCQ$dCOD$dOCLCA$dOCLCF$dAGM$dOCLCA$dAGL
=049  \\$aAGLL
=070  \\$aA99.9$bF7622U no. 42
=072  \0$a4500
=086  0\$aA 13.79:NE-42
=100  1\$aHoyle, Merrill C.$q(Merrill Cassius),$d1931-
=245  10$aAddition of phosphorus to subsoil promotes root development of yellow birch /$c[Merrill C. Hoyle].
=260  \\$aUpper Darby, Pa. :$bNortheastern Forest Experiment Station, Forest Service, U.S. Dept. of Agriculture,$c1965.
=300  \\$a7 pages :$billustrations ;$c25 cm.
=336  \\$atext$btxt$2rdacontent
=337  \\$aunmediated$bn$2rdamedia
=338  \\$avolume$bnc$2rdacarrier
=490  1\$aU.S. Forest Service research note ;$vno. NE-42
=504  \\$aIncludes bibliographical references (page 7).
=530  \\$aAlso available online.
=591  \\$bNAL Reclamation
=593  \\$fAgricola CAT
=650  \0$aYellow birch$xRoots$xGrowth.
=650  \0$aPhosphatic fertilizers.$0http://id.loc.gov/authorities/subjects/sh85101100
=650  \0$aForest soils$xFertilization.$0http://id.loc.gov/authorities/subjects/sh85050680
=650  \3$aBetula alleghaniensis.
=650  \3$arooting.
=650  \3$aphosphorus.
=655  \3$aInternet resource.
=710  2\$aNortheastern Forest Experiment Station (Radnor, Pa.)
=830  \0$aU.S. Forest Service research note NE ;$v42.
=856  41$uhttps://archive.org/details/additionofphosph42hoyl
=912  \\$analcatalog
=930  \\$a20140116$b00000000$c00000000
=945  \\$aDigiMet
=945  \\$p12
=946  \\$aUSDA
=959  \\$c2014-01-15$essouder$gurl
=959  \\$c2014-01-16$earojas$gap
=994  \\$a92$bAGL

