=LDR  02060cam a2200553   4500
=001  9915553311707426
=005  20240624162954.0
=008  800401s1967\\\\dcua\\\\\b\\\\100\0\eng\c
=010  \\$aagr68000008 
=016  7\$aCAT10239304$2DNAL
=035  \\$a192588
=035  \\$a(OCoLC)00046181
=035  \\$a(DNAL)192588-naldb-Voyager
=040  \\$aU.S. Nat'l Agr. Libr.$beng$cDLC$dBTCTA$dOCLCQ$dOCLCO$dOCLCF$dOCLCQ$dOCLCO$dOCL$dOCLCO$dVPI$dAGL
=049  \\$aAGLL
=050  00$aS21$b.A85727 no. 35
=070  \\$aA381$bR31Ac no. 35
=072  \0$a4000
=086  0\$aA 77.15:71-35.
=111  2\$aInternational Conference on Soybean Protein Foods,$cPeoria, Ill.,$d1966.
=245  10$aProceedings.
=260  \\$a[Washington]$bAgricultural Research Service,$c1967.
=300  \\$aiv, 285 pages$billustrations$c27 cm.
=336  \\$atext$btxt$2rdacontent
=337  \\$aunmediated$bn$2rdamedia
=338  \\$avolume$bnc$2rdacarrier
=490  1\$a[United States. Agricultural Research Service] ARS-71-$v35
=504  \\$aIncludes bibliographical references.
=591  \\$bNAL Reclamation
=593  \\$fAgricola CAT
=650  \0$aPlant proteins$vCongresses.
=650  \0$aSoyfoods$vCongresses.
=650  \0$aNutrition$vCongresses.
=650  \3$aSoy-bean, Proteins in$vCongresses.
=650  \3$aSoy-bean products as food$vCongresses.
=650  \3$aProteins in human nutrition$vCongresses.
=655  \3$aInternet resource.
=655  \7$aConference papers and proceedings.$2fast$0(OCoLC)fst01423772
=710  1\$aUnited States.$bAgricultural Research Service.$bNorthern Utilization Research and Development Division.$0http://id.loc.gov/authorities/names/nb2005018361
=810  1\$aUnited States.$bAgricultural Research Service.$tARS-71- ;$v35.
=856  41$uhttps://archive.org/details/proceedings7135inte
=912  \\$analcatalog
=930  \\$a20140414$b20140502$c00000000
=938  \\$aBaker and Taylor$bBTCP$nagr68000008
=945  \\$aDigiMet
=945  \\$p294
=946  \\$aUSDA
=959  \\$c2014-04-14$earojas$gap
=994  \\$a92$bAGL

