=LDR  01147cam a2200373M  4500
=001  9915553327607426
=005  20240620113032.0
=008  800401s1969\\\\dcu\\\\\\\\\\\000\0\eng\d
=016  7\$aCAT10251587$2DNAL
=035  \\$a192203
=035  \\$a(OCoLC)1289138729
=035  \\$a(DNAL)192203-naldb-Voyager
=040  \\$aAGL$beng$cAGL
=049  \\$aAGLL
=070  \\$aA64.9$bR31A no. 106
=072  \0$a7000
=100  1\$aCarpenter, J. B.
=245  10$aCatalog of genera, species, and subordinate taxa in the orange subfamily Aurantioideae (Rutacaae).
=260  \\$a[Washington]$bAgricultural Research Service, U.S. Dept. of Agriculture,$c1969.
=300  \\$a181 p.
=490  1\$a[U.S. Agricultural Research Service] ARS 34-106
=591  \\$bNAL Reclamation
=593  \\$fAgricola CAT
=650  \0$aRutaceae$xCatalogs and collections.
=655  \3$aInternet resource.
=700  1\$aRaece, P. C.
=830  \0$aARS 34 ;$v106.
=856  41$uhttps://archive.org/details/catalogofgeneras3410carp
=912  \\$analcatalog
=930  \\$a20140209$b20140307$c00000000
=945  \\$aDigiMet
=945  \\$p188
=946  \\$aUSDA
=994  \\$a92$bAGL

