=LDR  01803cam a2200517Ma 4500
=001  9915553430207426
=005  20240624163015.0
=008  800401s1965\\\\ohu\\\\\\\\\\f000\0\eng\d
=016  7\$aCAT10226938$2DNAL
=035  \\$a192733
=035  \\$a(OCoLC)62694608
=035  \\$a(DNAL)192733-naldb-Voyager
=040  \\$aMNU$beng$cMNU$dMTG$dOCLCO$dOCLCQ$dCOD$dOCLCF$dOCLCA$dAGM$dAGL
=049  \\$aAGLL
=050  \0$aSD11$b.F7629 no.44
=070  \\$aA99.9$bF7629 no. 44
=072  \0$a4500
=086  0\$aA 13.79:CS-44
=100  1\$aHanks, Leland F.$0http://id.loc.gov/authorities/names/n81141384
=245  10$aAdventitious bud clusters do not degrade black cherry logs /$c[Leland F. Hanks].
=260  \\$aColumbus, Ohio. :$bCentral States Forest Experiment Station,$c1965.
=300  \\$a6 pages ;$c23 cm.
=336  \\$atext$btxt$2rdacontent
=337  \\$aunmediated$bn$2rdamedia
=338  \\$avolume$bnc$2rdacarrier
=490  1\$aResearch note CS ;$v44
=591  \\$bNAL Reclamation
=593  \\$fAgricola CAT
=650  \0$aBlack cherry.$0http://id.loc.gov/authorities/subjects/sh2005020224
=650  \0$aLumber$xGrading.
=650  \3$aPrunus serotina.
=650  \3$alumber.
=655  \3$aInternet resource.
=710  1\$aUnited States.$bDepartment of Agriculture.
=710  2\$aCentral States Forest Experiment Station (Columbus, Ohio)$0http://id.loc.gov/authorities/names/n50082298
=830  \0$aU.S. Forest Service research note CS ;$v44.
=856  41$uhttps://archive.org/details/adventitiousbudc44hank
=912  \\$analcatalog
=930  \\$a20140305$b20140404$c00000000
=939  \\$a20130104$b20130201$c00000000
=945  \\$aDigiMet
=945  \\$p12
=946  \\$aUSDA
=959  \\$c2011-10-14$essouder$gde
=959  \\$c2013-01-04$ejgilbert$glf
=994  \\$a92$bAGL

