=LDR  02374cam a2200637Ii 4500
=001  9915553563007426
=005  20240624163013.0
=008  950127s1896\\\\dcua\\\\\\\\\f000\0\eng\c
=010  \\$aagr09002362 
=016  7\$aCAT10893956$2DNAL
=019  \\$a63329182
=035  \\$a661463
=035  \\$a(OCoLC)01180560$z(OCoLC)63329182
=035  \\$a(DNAL)661463-naldb-Voyager
=035  \\$z(OCoLC)63329182
=040  \\$aRIU$beng$cRIU$dOCLCQ$dIXA$dAGL$dORE$dHLS$dWAU$dCOO$dKRTAS$dAMAZN$dAGL$dOCLCA$dOCLCQ$dOCLCA$dCOD$dOCLCA$dOCLCF
=049  \\$aAGLL
=050  10$aS21$b.A825 no. 56
=070  0\$a1$bAg84Sp no. 56 1896
=072  \0$aK000
=072  \0$aP000
=086  0\$aA 1.8:56
=100  1\$aEgleston, Nathaniel Hillyer,$d1822-1912.$0http://id.loc.gov/authorities/names/n90653874
=245  10$aArbor day :$bits history and observance /$cby N.H. Egleston.
=260  \\$aWashington :$b[U.S. Dept. of Agriculture],$c1896.
=300  \\$a80 pages :$billustrations ;$c23 cm.
=336  \\$atext$btxt$2rdacontent
=337  \\$aunmediated$bn$2rdamedia
=338  \\$avolume$bnc$2rdacarrier
=490  1\$aReport ;$vno. 56
=530  \\$aAlso available on the World Wide Web.
=530  \\$aAlso issued online.
=590  \\$aAlso classified under: 99.07 Eg5.
=591  \\$bNAL Reclamation
=593  \\$fAgricola CAT
=650  \0$aArbor Day.$0http://id.loc.gov/authorities/subjects/sh85006464
=650  \0$aTree planting$xStudy and teaching.
=655  \3$aInternet resource.
=710  1\$aUnited States.$bDepartment of Agriculture.
=776  08$iOnline version:$aEgleston, Nathaniel Hillyer, 1822-1912.$tArbor day.$dWashington : [U.S. Dept. of Agriculture], 1896$w(OCoLC)555670962
=830  \0$aReport (United States. Department of Agriculture) ;$vno. 56.
=856  41$uhttp://books.google.com/books?id=pEEWAAAAYAAJ&printsec=titlepage
=856  41$uhttps://archive.org/details/arbordayitshisto56egle
=912  \\$analcatalog
=930  \\$a20140305$b20140404$c00000000
=938  \\$aKirtas Technologies, Inc.$bKRTS$n308359
=938  \\$aAMAZON$bAMZN$nB0030GF9YI
=939  \\$a20121223$b20130104$c00000000
=945  \\$aDigiMet
=945  \\$p86
=945  \\$aDigiMet
=946  \\$aUSDA
=958  \\$aresource$be$c2012-12-13$dn$ejondusko$hrecon
=959  \\$c2013-04-02$essouder$gap
=959  \\$c2012-12-23$edcollins$gap
=994  \\$a92$bAGL

