=LDR  01504cam a2200445I  4500
=001  9915553686707426
=005  20240620121120.0
=008  920620s1959\\\\dcub\\\\\\\\\f000\0\eng\d
=016  7\$aCAT10507351$2DNAL
=035  \\$a406894
=035  \\$a(OCoLC)08801778
=035  \\$a(DNAL)406894-naldb-Voyager
=040  \\$aSMI$beng$cSMI$dOCL$dOCLCQ$dAGL$dOCLCQ$dOCLCO$dOCLCF$dOCL
=043  \\$an-us---
=049  \\$aRQIA
=050  \0$aSB823$b.C77d 1959
=070  0\$aA423$bR316Co
=072  \0$aL001
=130  0\$aCooperative economic insect report.
=245  10$aDistribution maps of some insect pests in the United States.
=260  \\$a[Washington],$b[Plant Pest Control Division, Agricultural Research Service],$c[1959]
=300  \\$a45 pages$bmaps$c27 cm
=336  \\$atext$btxt$2rdacontent
=337  \\$aunmediated$bn$2rdamedia
=338  \\$avolume$bnc$2rdacarrier
=591  \\$bNAL Reclamation
=593  \\$fAgricola CAT
=650  \0$aInsects, Injurious and beneficial$zUnited States.
=650  \0$aInsects, Injurious and beneficial$vMaps.
=651  \7$aUnited States.$2fast$0(OCoLC)fst01204155
=655  \3$aInternet resource.
=655  \7$aMaps.$2fast$0(OCoLC)fst01423704
=710  1\$aUnited States.$bPlant Pest Control Division.$0http://id.loc.gov/authorities/names/n82115279
=856  41$uhttps://archive.org/details/CAT10507351
=912  \\$analcatalog
=930  \\$a20160801$b20160805$c00000000
=945  \\$aDigiMet
=945  \\$p56
=946  \\$aUSDA
=994  \\$a92$bAGL

