=LDR  01588cam a2200445Ii 4500
=001  9915553805007426
=005  20240620120858.0
=008  920621s1910\\\\nhua\\\\\\\\\\000\0\eng\d
=016  7\$aCAT10561974$2DNAL
=035  \\$a406322
=035  \\$a(OCoLC)18453308
=035  \\$a(DNAL)406322-naldb-Voyager
=040  \\$aRQI$beng$erda$cRQI$dOCLCQ$dAGL$dOCLCQ$dOCLCO$dNHM$dOCLCF
=043  \\$an-usn--
=049  \\$aRQIA
=050  \0$aHD9437.N38$bC43 1910
=070  0\$a47$bB655
=072  \0$aL100
=245  02$aA chance for the hen in northern New England /$cissued by the Boston & Maine Railroad Industrial Department.
=246  34$aHens :$bthe profit probabilities of practical poultry production herein set forth
=264  \1$aConcord, N.H. :$bBoston and Maine Railroad, Industrial Department,$c[1910?]
=264  \3$aConcord, N.H. :$bRumford Press,$c[Date of manufacture not identified]
=300  \\$a24 pages :$billustrations ;$c23 cm
=336  \\$atext$btxt$2rdacontent
=337  \\$aunmediated$bn$2rdamedia
=338  \\$avolume$bnc$2rdacarrier
=591  \\$bNAL Reclamation
=593  \\$fAgricola CAT
=650  \0$aPoultry$zNew England.
=650  \0$aPoultry industry$zNew England.
=651  \7$aNew England.$2fast$0(OCoLC)fst01241913
=655  \3$aInternet resource.
=710  2\$aBoston and Maine Railroad.$bIndustrial Department,$eissuing body.
=856  41$uhttps://archive.org/details/chanceforheninno00bost
=912  \\$analcatalog
=930  \\$a20140702$b20140807$c00000000
=945  \\$aDigiMet
=945  \\$p38
=946  \\$aOther US
=994  \\$a92$bAGL

