=LDR  01682cam a2200493 a 4500
=001  9915553934507426
=005  20240620120934.0
=008  980625s1971\\\\dcu\\\\\\b\\\f000\0\eng\\
=016  7\$aCAT10850420$2DNAL
=035  \\$a816101
=035  \\$a(OCoLC)39336044
=035  \\$a(DNAL)816101-naldb-Voyager
=040  \\$aAGL$beng$cAGL$dOCLCQ$dOCLCO$dOCLCF$dOCLCQ$dOCLCO$dOCL$dOCLCQ$dAGL
=043  \\$an-us---
=049  \\$aAGLL
=070  0\$aA280.29$bF22I no.4 1971
=072  \0$aE400
=100  1\$aChristie, Marjorie B.
=245  10$aList of publications /$c[compiled by Marjorie B. Christie].
=246  30$aInformation 4 list of publication
=250  \\$aRev. 1971.
=260  \\$aWashington, D.C. :$bFarmer Cooperative Service, U.S. Dept. of Agriculture,$c[1971]
=300  \\$aii, 59 pages ;$c24 cm
=336  \\$atext$btxt$2rdacontent
=337  \\$aunmediated$bn$2rdamedia
=338  \\$avolume$bnc$2rdacarrier
=490  1\$aInformation ;$v4
=591  \\$bNAL Reclamation
=593  \\$fAgricola CAT
=650  \0$aAgriculture, Cooperative$zUnited States$vBibliography.
=651  \7$aUnited States.$2fast$0(OCoLC)fst01204155
=655  \3$aInternet resource.
=655  \7$aBibliographies.$2fast$0(OCoLC)fst01919895
=710  1\$aUnited States.$bFarmer Cooperative Service.$0http://id.loc.gov/authorities/names/n79086753
=830  \0$aFCS information ;$v4.
=856  41$uhttps://archive.org/details/listofpublicatio04chri_2
=912  \\$analcatalog
=930  \\$a20140305$b20140404$c00000000
=939  \\$a19980702$b19980709$c00000000
=945  \\$dML$e98/06/23$fAR$g98/06/25$n1
=945  \\$p68
=945  \\$aDigiMet
=946  \\$aUSDA
=994  \\$a92$bAGL

