=LDR  02364cam a2200601Ia 4500
=001  9915554064307426
=005  20240624163057.0
=008  980709s1990\\\\dcua\\\\\b\\\f000\0\eng\\
=016  7\$aCAT10851042$2DNAL
=035  \\$a816654
=035  \\$a(OCoLC)22246203
=035  \\$a(DNAL)816654-naldb-Voyager
=040  \\$aAGL$beng$cAGL$dAFU$dAGX$dGPO$dAGL$dOCLCQ$dMTG$dOCLCO$dOCLCA$dOCLCQ$dOCLCO$dOCLCA$dOCLCF
=043  \\$aa-ja---
=049  \\$aAGLL
=050  10$aS21$b.A46 no.1478
=070  0\$a1$bAg84M no.1478
=072  \0$aE100
=074  \\$a0013-A (MF)
=086  0\$aA 1.38:1478
=100  1\$aHudson, William J.
=245  14$aThe basic mechanisms of Japanese farm policy :$billustrated by rice price support and beef import restrictions : how they work /$c[prepared by William J. Hudson].
=246  3\$aUSDA-ERS briefing booklet
=260  \\$a[Washington, D.C.?] :$bU.S. Dept. of Agriculture, Economic Research Service,$c[1990]
=300  \\$a38 pages :$billustrations ;$c28 cm.
=336  \\$atext$btxt$2rdacontent
=337  \\$aunmediated$bn$2rdamedia
=338  \\$avolume$bnc$2rdacarrier
=490  1\$aUSDA-ERS briefing booklet
=490  1\$aMiscellaneous publication ;$vno. 1478
=504  \\$aIncludes bibliographical references (page 37).
=591  \\$bNAL Reclamation
=593  \\$fAgricola CAT
=650  \0$aAgriculture and state$zJapan.
=650  \0$aRice$xPrices$xGovernment policy$zJapan.
=650  \0$aBeef$xGovernment policy$zJapan.
=651  \7$aJapan.$2fast$0(OCoLC)fst01204082
=655  \3$aInternet resource.
=710  1\$aUnited States.$bDepartment of Agriculture.$bEconomic Research Service.
=776  08$iOnline version:$aHudson, William J.$tBasic mechanisms of Japanese farm policy.$d[Washington, D.C.?] : U.S. Dept. of Agriculture, Economic Research Service, [1990]$w(OCoLC)1021801717
=830  \0$aUSDA-ERS briefing booklet
=830  \0$aMiscellaneous publication (United States. Department of Agriculture) ;$vno. 1478.
=852  \\$aArU$iS21.A46 no.1478
=856  41$uhttps://archive.org/details/basicmechanismso1478huds
=912  \\$analcatalog
=930  \\$a20140305$b20140404$c00000000
=939  \\$a19980801$b19980807$c00000000
=945  \\$dML$e98/06/29$fJR$g98/07/09$n1
=945  \\$p46
=945  \\$aDigiMet
=946  \\$aUSDA
=959  \\$c2013-04-02$essouder$gap
=994  \\$a92$bAGL

