=LDR  01663cam a2200481 a 4500
=001  9915554066207426
=005  20240624163047.0
=008  980625s1970\\\\dcua\\\\\\\\\\000\0\eng\\
=016  7\$aCAT10850421$2DNAL
=035  \\$a816102
=035  \\$a(OCoLC)39337105
=035  \\$a(DNAL)816102-naldb-Voyager
=040  \\$aAGL$beng$cAGL$dOCLCQ$dOCLCO$dOCLCF$dOCLCQ$dAGL
=049  \\$aAGLL
=070  0\$aA280.29$bF22I No. 74 1970
=072  \0$aE200
=072  \0$aE700
=100  1\$aKirkman, C. H.
=245  10$aManager holds an important key to co-op success.
=260  \\$aWashington, D.C. :$bFarmer Cooperative Service, U.S. Dept. of Agriculture,$c[1970]
=300  \\$a1 volume (unpaged) :$billustrations ;$c20 cm
=336  \\$atext$btxt$2rdacontent
=337  \\$aunmediated$bn$2rdamedia
=338  \\$avolume$bnc$2rdacarrier
=490  1\$aFCS information ;$v74
=591  \\$bNAL Reclamation
=593  \\$fAgricola CAT
=650  \0$aExecutives.$0http://id.loc.gov/authorities/subjects/sh85046291
=650  \0$aAgriculture, Cooperative.$0http://id.loc.gov/authorities/subjects/sh85002472
=655  \3$aInternet resource.
=710  1\$aUnited States.$bFarmer Cooperative Service.$0http://id.loc.gov/authorities/names/n79086753
=830  \0$aFCS information ;$v74.
=856  41$uhttps://archive.org/details/managerholdsimpo74kirk
=912  \\$analcatalog
=930  \\$a20140305$b20140404$c00000000
=939  \\$a20130211$b20130304$c00000000
=939  \\$a19980702$b19980709$c00000000
=945  \\$dML$e98/06/24$fAR$g98/06/25
=945  \\$p16
=945  \\$aDigiMet
=946  \\$aUSDA
=959  \\$c2013-02-11$edcollins$gap
=994  \\$a92$bAGL

