=LDR  02108cam a2200517Ia 4500
=001  9915554072707426
=005  20240620120942.0
=008  980714s1953\\\\dcuab\\\\s\\\f000\0\eng\d
=016  7\$aCAT10851239$2DNAL
=035  \\$a816874
=035  \\$a(OCoLC)26572640
=035  \\$a(DNAL)816874-naldb-Voyager
=040  \\$aZCU$beng$cZCU$dAGL$dOCL$dOCLCQ$dFUG$dNUI$dOCLCQ$dOCLCF$dOCLCQ$dOCLCO$dULL$dOCL
=043  \\$an-usp--
=049  \\$aAGLL
=050  \0$aHD1459$b.U5 v.5
=070  0\$aaS441.U56$b1953
=072  \0$aF120
=086  0\$aA 36.118:92-5
=110  1\$aUnited States.$bBureau of Agricultural Economics.$0http://id.loc.gov/authorities/names/n80060900
=245  10$aCrop production practices :$blabor, power and materials, by operation : Mountain and Pacific states.
=260  \\$aWashington, D.C. :$bU.S. Dept. of Agriculture, Bureau of Agricultural Economics,$c[1953]
=300  \\$a302 pages :$bfolded color map, tables ;$c27 cm
=336  \\$atext$btxt$2rdacontent
=337  \\$aunmediated$bn$2rdamedia
=338  \\$avolume$bnc$2rdacarrier
=591  \\$bNAL Reclamation
=593  \\$fAgricola CAT
=650  \0$aAgriculture$zWest (U.S.)$vStatistics.
=650  \0$aAgricultural machinery.$0http://id.loc.gov/authorities/subjects/sh85002361
=650  \0$aAgricultural laborers$zWest (U.S.).
=651  \7$aWest United States.$2fast$0(OCoLC)fst01243255
=655  \3$aInternet resource.
=655  \7$aStatistics.$2fast$0(OCoLC)fst01423727
=776  08$iOnline version:$aUnited States. Bureau of Agricultural Economics.$tCrop production practices.$dWashington, D.C. : U.S. Dept. of Agriculture, Bureau of Agricultural Economics, [1953]$w(OCoLC)988740777
=830  \0$aF.M. (United States. Bureau of Agricultural Economics) ;$v92/5.
=856  41$uhttps://archive.org/details/cropproductionpr92unit_3
=912  \\$analcatalog
=930  \\$a20140812$b20140905$c00000000
=939  \\$a20130213$b20130304$c00000000
=939  \\$a19980801$b19980807$c00000000
=945  \\$dRLG$e98/07/10$fAR$g98/07/14
=945  \\$p318
=945  \\$aDigiMet
=946  \\$aUSDA
=994  \\$a92$bAGL

