=LDR  02168cam a2200577Ia 4500
=001  9915554102207426
=005  20240620120958.0
=007  he\bmb024bbca
=008  990202s1998\\\\orua\\\\bb\\\f000\0\eng\d
=016  7\$aCAT10860915$2DNAL
=019  \\$a1225728621
=035  \\$a816030
=035  \\$a(OCoLC)39346989$z(OCoLC)1225728621
=035  \\$a(DNAL)816030-naldb-Voyager
=035  \\$z(OCoLC)1225728621
=040  \\$aGPO$beng$cGPO$dOCLCQ$dOCLCG$dOCLCQ$dOCLCO$dOCLCF$dOCLCQ$dUOK$dOCLCA$dAGL
=043  \\$an-us-ak
=049  \\$aAGLL
=050  \0$aQK146$b.D42 1998
=070  0\$aFiche$bS-133 (A 13.79:PNW-RN-523 )
=072  \0$aK250
=074  \\$a0083-B-04 (MF)
=086  0\$aA 13.79:PNW-RN-523
=100  1\$aDeal, Robert L.$q(Robert Leslie)$0http://id.loc.gov/authorities/names/no2006067577
=245  10$aUnderstory plant diversity in riparian alder-conifer stands after logging in southeast Alaska /$cRobert L. Deal.
=260  \\$a[Portland, Or.] :$bU.S. Dept. of Agriculture, Forest Service, Pacific Northwest Research Station,$c[1997, i.e. 1998]
=300  \\$a8 pages :$billustrations ;$c28 cm.
=336  \\$atext$btxt$2rdacontent
=337  \\$amicroform$bh$2rdamedia
=338  \\$amicrofiche$bhe$2rdacarrier
=490  1\$aResearch note PNW-RN ;$v523
=504  \\$aIncludes bibliographical references (pages 7-8).
=533  \\$aMicrofiche.$b[Washington, D.C.] :$cSupt. of Docs., U.S. G.P.O.,$d1998.$e1 microfiche : negative.
=591  \\$bNAL Reclamation
=593  \\$fAgricola CAT
=650  \0$aUnderstory plants$zAlaska.
=650  \0$aConifers$zAlaska.
=650  \0$aLogging$zAlaska.
=651  \7$aAlaska.$2fast$0(OCoLC)fst01204480
=655  \3$aInternet resource.
=710  2\$aPacific Northwest Research Station (Portland, Or.)$0http://id.loc.gov/authorities/names/n85303399
=830  \0$aResearch note PNW ;$v523.
=856  41$uhttps://archive.org/details/understoryplantd523deal
=912  \\$analcatalog
=930  \\$a20140505$b20140606$c00000000
=939  \\$a20060928$b20061003$c00000000
=939  \\$a19990301$b19990308$c00000000
=945  \\$aDigiMet
=945  \\$p16
=946  \\$aOther US
=994  \\$a92$bAGL

