=LDR  01856cam a2200541Ia 4500
=001  9915554104807426
=005  20240624163056.0
=008  980625s1958\\\\dcua\\\\\b\\\f000\0\eng\d
=016  7\$aCAT10850363$2DNAL
=035  \\$a816077
=035  \\$a(OCoLC)31917932
=035  \\$a(DNAL)816077-naldb-Voyager
=040  \\$aCLU$beng$cCLU$dOCL$dAGL$dOCLCQ$dOCLCG$dOCLCQ$dOCLCA$dOCLCF$dOCLCQ$dOCLCO$dVA@
=043  \\$an-us---
=049  \\$aAGLL
=070  0\$aaHD1484.H43$b1958
=072  \0$aE200
=072  \0$aE400
=086  0\$aA 89.15: 8
=100  1\$aHeckman, John H.$q(John Howard),$d1898-$0http://id.loc.gov/authorities/names/no2002021487
=245  10$aFarmer cooperatives and the community /$cby John H. Heckman.
=260  \\$a[Washington, D.C.] :$bFarmer Cooperative Service, U.S. Dept. of Agriculture,$c[1958]
=300  \\$a12 pages :$billustrations ;$c23 cm.
=336  \\$atext$btxt$2rdacontent
=337  \\$aunmediated$bn$2rdamedia
=338  \\$avolume$bnc$2rdacarrier
=490  1\$aInformation / Farmer Cooperative Service ;$v8
=504  \\$aIncludes bibliographical references.
=591  \\$bNAL Reclamation
=593  \\$fAgricola CAT
=650  \0$aAgriculture, Cooperative$zUnited States.
=651  \7$aUnited States.$2fast$0(OCoLC)fst01204155
=655  \3$aInternet resource.
=830  \0$aFCS information ;$v8.
=856  41$uhttps://archive.org/details/farmercooperativ08heck
=912  \\$analcatalog
=930  \\$a20140305$b20140404$c00000000
=939  \\$a20130528$b20130607$c00000000
=939  \\$a20130308$b20130404$c00000000
=939  \\$a20130213$b20130304$c00000000
=939  \\$a19980702$b19980709$c00000000
=945  \\$dRLG$e98/06/24$fAR$g98/06/25
=945  \\$p22
=945  \\$aDigiMet
=946  \\$aUSDA
=959  \\$c2013-03-08$earojas$gap
=959  \\$c2013-05-28$earojas$gap
=994  \\$a92$bAGL

