=LDR  02137cam a2200565Ia 4500
=001  9915554107307426
=005  20240620121003.0
=008  980714s1953\\\\dcuab\\\\s\\\f000\0\eng\d
=016  7\$aCAT10851238$2DNAL
=035  \\$a816873
=035  \\$a(OCoLC)26561816
=035  \\$a(DNAL)816873-naldb-Voyager
=040  \\$aZCU$beng$cZCU$dAGL$dOCL$dOCLCQ$dFUG$dOCLCQ$dOCLCF$dOCLCQ$dCOD$dVA@$dOCLCQ
=043  \\$anp-----
=049  \\$aAGLL
=050  \0$aS560$b.U5
=070  0\$aaS441.U55$b1953
=072  \0$aF120
=086  0\$aA 36.118:92-4
=086  0\$aA 36.118:92/sect. 4
=086  0\$aA 36.118: 92/5
=086  0\$aA 36.118: 92/3
=086  0\$aA 36.118: 92/2
=110  1\$aUnited States.$bBureau of Agricultural Economics.$0http://id.loc.gov/authorities/names/n80060900
=245  10$aCrop production practices :$blabor, power, and materials, by operation: Great Plains.
=260  \\$aWashington, D.C. :$bU.S. Dept. of Agriculture, Bureau of Agricultural Economics,$c[1953]
=300  \\$a220 pages :$bfolded color map, tables ;$c27 cm
=336  \\$atext$btxt$2rdacontent
=337  \\$aunmediated$bn$2rdamedia
=338  \\$avolume$bnc$2rdacarrier
=591  \\$bNAL Reclamation
=593  \\$fAgricola CAT
=650  \0$aAgriculture$zGreat Plains$vStatistics.
=650  \0$aAgricultural machinery$zGreat Plains.
=650  \0$aAgricultural laborers$zGreat Plains.
=651  \7$aGreat Plains.$2fast$0(OCoLC)fst01240567
=655  \3$aInternet resource.
=655  \7$aStatistics.$2fast$0(OCoLC)fst01423727
=776  08$iOnline version:$aUnited States. Bureau of Agricultural Economics.$tCrop production practices.$dWashington, D.C. : U.S. Dept. of Agriculture, Bureau of Agricultural Economics, [1953]$w(OCoLC)988842744
=830  \0$aFarm Management Reports ;$v92.
=856  41$uhttps://archive.org/details/cropproductionpr92unit_2
=912  \\$analcatalog
=930  \\$a20140812$b20140905$c00000000
=939  \\$a20130213$b20130304$c00000000
=939  \\$a19980801$b19980807$c00000000
=945  \\$dRLG$e98/07/10$fAR$g98/07/14
=945  \\$p238
=945  \\$aDigiMet
=946  \\$aUSDA
=994  \\$a92$bAGL

