=LDR  01809cam a2200517   4500
=001  9915555139907426
=005  20240624163221.0
=008  890419s1961\\\\dcu\\\\\\s\\\f000\0\eng\\
=010  \\$a   76267204 
=016  7\$aCAT10307214$2DNAL
=035  \\$a345659
=035  \\$a(OCoLC)00446961
=035  \\$a(DNAL)345659-naldb-Voyager
=040  \\$aDLC$beng$cDLC$dOCL$dIUL$dCLU$dOCLCQ$dNUI$dOCLCF$dOCLCO$dAGL
=043  \\$an-us---
=049  \\$aAGLY
=050  00$aHD9004.3$b.A44
=070  0\$aA281.9$bAg83 no.15
=072  \0$aE130
=086  0\$aA 93.21/2:15
=110  1\$aUnited States.$bDepartment of Agriculture.$bEconomic Research Service.$bTrade Statistics and Analysis Branch.$0http://id.loc.gov/authorities/names/n50057761
=245  10$aEurope and Asia take most of 1960 U.S. agricultural export gains.
=260  \\$a[Washington]$bEconomic Research Service, U.S. Dept. of Agriculture,$c1961.
=300  \\$a16 pages$c27 cm.
=336  \\$atext$btxt$2rdacontent
=337  \\$aunmediated$bn$2rdamedia
=338  \\$avolume$bnc$2rdacarrier
=490  1\$aUnited States. Dept. of Agriculture. Economic Research Service. ERS-Foreign$v15
=591  \\$bNAL Reclamation
=593  \\$fAgricola CAT
=650  \0$aProduce trade$zUnited States$vStatistics.
=651  \7$aUnited States.$2fast$0(OCoLC)fst01204155
=655  \3$aInternet resource.
=655  \7$aStatistics.$2fast$0(OCoLC)fst01423727
=830  \0$aERS-foreign ;$v15.
=841  \\$ax$b8709220u    0   4   uu   1870922$ez
=852  \\$aDNAL$iA281.9 Ag83 no.15
=856  40$uhttps://archive.org/details/europeasiatakemo15unit
=912  \\$analcatalog
=930  \\$a20140305$b20140404$c00000000
=945  \\$aUIU
=945  \\$p22
=945  \\$aDigiMet
=946  \\$aUSDA
=959  \\$c2013-04-02$essouder$gap
=994  \\$a92$bAGL

