=LDR  02262cam a2200601Ia 4500
=001  9915555184707426
=005  20240624163240.0
=008  890419s1940\\\\dcuab\\\\b\\\f000\0\eng\d
=010  \\$a   40000480 
=016  7\$aCAT10307747$2DNAL
=035  \\$a345772
=035  \\$a(OCoLC)10125449
=035  \\$a(DNAL)345772-naldb-Voyager
=040  \\$aDPL$beng$cDPL$dAGL$dVIC$dOCLCQ$dOCLCO$dOCLCA$dOCLCF$dOCLCO$dOCLCA$dOCLCQ
=043  \\$an-us---
=049  \\$aAGLY
=050  \0$aSD252$b.L58 1940
=070  0\$a1$bAg84M no.388
=072  \0$aK001
=072  \0$aL100
=086  0\$aS21.A46 no. 388
=086  0\$aA 1.38:388/941
=245  00$aLiving and forest lands /$cprepared in the Division of Information and Education, Forest Service.
=250  \\$aSlightly rev. July 1941.
=260  \\$aWashington, D.C. :$bU.S. Dept. of Agriculture,$c1940.
=300  \\$aiv, 48 pages :$billustrations, maps ;$c24 cm
=336  \\$atext$btxt$2rdacontent
=337  \\$aunmediated$bn$2rdamedia
=338  \\$avolume$bnc$2rdacarrier
=490  1\$aMiscellaneous publication / United States Department of Agriculture ;$vno. 388
=504  \\$aIncludes bibliographical references (pages 46-47).
=591  \\$bNAL Reclamation
=593  \\$fAgricola CAT
=650  \0$aForestry schools and education$zUnited States.
=650  \0$aForests and forestry$zUnited States.
=651  \7$aUnited States.$2fast$0(OCoLC)fst01204155
=655  \3$aInternet resource.
=710  1\$aUnited States.$bForest Service.$0http://id.loc.gov/authorities/names/n79054932
=710  1\$aUnited States.$bDepartment of Agriculture.
=776  08$iOnline version:$tLiving and forest lands.$bSlightly rev. July 1941.$dWashington, D.C. : U.S. Dept. of Agriculture, 1940$w(OCoLC)755040160
=830  \0$aMiscellaneous publication (United States. Department of Agriculture) ;$vno. 388.
=841  \\$ax$b8709220u    0   4   uu   1870922$ez
=852  \\$aDNAL$i1 Ag84M no.388
=856  41$uhttps://archive.org/details/livingforestland388unit
=912  \\$analcatalog
=930  \\$a20131022$b20131101$c00000000
=945  \\$aUIU
=945  \\$p60
=945  \\$aDigiMet
=946  \\$aUSDA
=959  \\$c2013-10-22$essouder$gurl
=959  \\$c2013-04-02$essouder$gap
=994  \\$a92$bAGL

