=LDR  02362cam a22006251  4500
=001  9915555186407426
=005  20240624163246.0
=008  890419s1967\\\\dcua\\\\\\\\\f000\0\eng\c
=010  \\$aagr68000028 
=016  7\$aCAT10307821$2DNAL
=019  \\$a2351907
=035  \\$a345833
=035  \\$a(OCoLC)00473026$z(OCoLC)2351907
=035  \\$a(DNAL)345833-naldb-Voyager
=035  \\$z(OCoLC)2351907
=040  \\$aU.S. Nat'l Agr. Libr.$beng$cDLC$dEAU$dIUL$dBTCTA$dOCLCO$dNUI$dOCLCQ$dOCLCO$dOCLCF$dOCLCO$dAGL
=043  \\$an-us---
=049  \\$aAGLY
=050  00$aHD9006$b.D4
=070  \\$aA281.9$bAg83 no. 202
=072  \0$aE700
=072  \0$aE300
=072  \0$aE100
=086  0\$aA 93.21/2:202
=100  1\$aDeBlois, Eleanor N.
=245  10$a12 years of achievement under Public law 480$c[by Eleanor N. DeBlois.
=260  \\$aWashington,$c1967]
=300  \\$aiv, 133 pages$billustrations$c26 cm.
=336  \\$atext$btxt$2rdacontent
=337  \\$aunmediated$bn$2rdamedia
=338  \\$avolume$bnc$2rdacarrier
=490  1\$aUnited States. Dept. of Agriculture. Economic Research Service. ERS-foreign$v202
=591  \\$bNAL Reclamation
=593  \\$fAgricola CAT
=610  10$aUnited States.$tAgricultural Trade Development and Assistance Act of 1954$0http://id.loc.gov/authorities/names/no2014158481
=630  03$aAgricultural trade development and assistance act, 1954.
=630  07$aAgricultural Trade Development and Assistance Act of 1954 (United States)$2fast$0(OCoLC)fst01911415
=650  \0$aSurplus agricultural commodities, American.$0http://id.loc.gov/authorities/subjects/sh85130832
=650  \3$aSurplus agricultural commodities, American.
=655  \3$aInternet resource.
=776  08$iOnline version:$aDeBlois, Eleanor N.$t12 years of achievement under Public law 480.$dWashington, 1967]$w(OCoLC)1087490502
=830  \0$aERS-foreign ;$v202.
=841  \\$ax   $b8709220u    0   4   uu   1870922$ez
=852  \\$aDNAL$iA281.9 Ag83 no. 202
=856  40$uhttps://archive.org/details/12yearsofachieve202debl
=912  \\$analcatalog
=930  \\$a20140305$b20140404$c00000000
=938  \\$aBaker and Taylor$bBTCP$nagr68000028
=939  \\$a20130417$b20130503$c00000000
=945  \\$aUIU
=945  \\$p148
=945  \\$aDigiMet
=946  \\$aUSDA
=959  \\$c2013-04-17$essouder$gde
=994  \\$a92$bAGL

