=LDR  03188cam a2200601Ia 4500
=001  9915555196507426
=005  20240624163245.0
=008  890419s1938\\\\dcuab\\\\\\\\f000\0\eng\c
=010  \\$aagr38000649 
=016  7\$aCAT10307842$2DNAL
=019  \\$a798942571
=035  \\$a345776
=035  \\$a(OCoLC)09714374$z(OCoLC)798942571
=035  \\$a(DNAL)345776-naldb-Voyager
=035  \\$z(OCoLC)798942571
=040  \\$aU.S. Dept. of Agr. Library$beng$cLNC$dAGL$dIUL$dOCLCQ$dLVB$dCLU$dOCLCQ$dLHL$dOCLCO$dZAD$dOCLCF$dOCLCA$dGUA$dNOC$dOCLCA$dOCLCO
=043  \\$an-us-la
=049  \\$aAGLY
=050  10$aS21$b.A46 no. 309
=070  0\$a1$bAg84M no.309
=072  \0$aK200
=086  0\$aA 1.38:309
=100  1\$aWinters, Robert K.
=245  10$aForest resources of the north-Louisiana delta /$cby R.K. Winters, J.A. Putnam and I.F. Eldredge.
=260  \\$aWashington, D.C. :$bU.S. Dept. of Agriculture,$c1938.
=300  \\$av, 49 pages :$billustrations, maps (some color) ;$c27 cm.
=336  \\$atext$btxt$2rdacontent
=337  \\$aunmediated$bn$2rdamedia
=338  \\$avolume$bnc$2rdacarrier
=490  1\$aMiscellaneous publication / United States Department of Agriculture ;$vno. 309
=505  0\$aSummary of findings. pp. 1 -- General description of the unit. pp. 4 -- Forest description. pp. 11 -- Timber inventory. pp. 20 -- Timber increment. pp. 24 -- Forest products industries. pp. 27 -- Comparison of forest growth and drain. pp. 35 -- The present situation. pp. 35 -- Possible future trends. pp. 38.
=520  3\$aThe north-Louisiana delta contains one of the most valuable supplies of high-quality, old-growth hardwood timber left in the United States. Here the old-time sawmills cutting industrial hardwood timber still abound. The forest-economic problem of this survey unit is to prolong the period of operation of these mills cutting old-growth timber until the present second-growth forest becomes merchantable. This report presents facts bearing upon the forest situation, analyzes and interprets these facts, and offers suggestions which should aid in solving the principle forest problems.
=591  \\$bNAL Reclamation
=593  \\$fAgricola CAT
=650  \0$aForests and forestry$zLouisiana.
=651  \7$aLouisiana.$2fast$0(OCoLC)fst01207035
=655  \3$aInternet resource.
=700  1\$aEldredge, I. F.$q(Inman Fowler),$d1883-1963.$0http://id.loc.gov/authorities/names/no2015149815
=700  1\$aPutnam, J. A.$0http://id.loc.gov/authorities/names/n92063380
=776  08$iOnline version:$aWinters, Robert K.$tForest resources of the north-Louisiana delta.$dWashington, D.C. : U.S. Dept. of Agriculture, 1938$w(OCoLC)784303384
=830  \0$aMiscellaneous publication (United States. Department of Agriculture) ;$vno. 309.
=841  \\$ax   $b8709220u    0   4   uu   1870922$ez
=852  \\$aDNAL$i1 Ag84M no.309
=856  41$uhttps://archive.org/details/forestresourceso309wint
=912  \\$analcatalog
=930  \\$a20140305$b20140404$c00000000
=939  \\$a20130417$b20130503$c00000000
=945  \\$aUIU
=945  \\$p66
=945  \\$aDigiMet
=946  \\$aUSDA
=959  \\$c2013-04-17$essouder$gde
=994  \\$a92$bAGL

