=LDR  02626cam a2200565Ia 4500
=001  9915555253407426
=005  20240620105858.0
=008  890419s1941\\\\dcuab\\\\s\\\f000\0\eng\d
=016  7\$aCAT10307950$2DNAL
=019  \\$a800128390$a1091141047
=035  \\$a345940
=035  \\$a(OCoLC)02833574$z(OCoLC)800128390$z(OCoLC)1091141047
=035  \\$a(DNAL)345940-naldb-Voyager
=035  \\$z(OCoLC)800128390$z(OCoLC)1091141047
=040  \\$aNAM$beng$cNAM$dAGL$dIUL$dOCLCQ$dNLGGC$dOCLCG$dOCLCQ$dOCLCA$dLHL$dOCLCO$dOCLCA$dOCLCF$dOCLCQ$dOCLCO$dOCLCA
=043  \\$an-us---
=049  \\$aAGLY
=050  \0$aS21$b.A46 NO. 436
=070  0\$a1$bAg84M no.436
=072  \0$aU100
=086  0\$aA 1.38:436
=245  00$aFamily expenditures for furnishings and equipment :$bfive regions /$cby Day Monroe [and others].
=260  \\$aWashington, D.C. :$bU.S. Dept. of Agriculture,$c1941.
=300  \\$av, 212 pages :$billustrations, map ;$c23 cm.
=336  \\$atext$btxt$2rdacontent
=337  \\$aunmediated$bn$2rdamedia
=338  \\$avolume$bnc$2rdacarrier
=490  1\$aMiscellaneous publication / United States Department of Agriculture ;$vno. 436
=490  1\$aConsumer purchases study. Urban, village, and farm
=520  3\$aThis report is one of a series from the consumer purchases study presenting facts concerning the incomes and consumption patterns of families in small cities, in villages, and on farms in regard to expenditures on household furnishings and equipment. The following five regions were covered: New England, Middle Atlantic and North Central, Plains and Mountain, Pacific, and Southeast.
=591  \\$bNAL Reclamation
=593  \\$fAgricola CAT
=650  \0$aHome economics$xEquipment and supplies.$0http://id.loc.gov/authorities/subjects/sh85061677
=650  \0$aCost and standard of living$zUnited States.
=651  \7$aUnited States.$2fast$0(OCoLC)fst01204155
=655  \3$aInternet resource.
=700  1\$aMonroe, Day,$d1888-1982.
=776  08$iOnline version:$tFamily expenditures for furnishings and equipment.$dWashington, D.C. : U.S. Dept. of Agriculture, 1941$w(OCoLC)953977835
=830  \0$aConsumer purchases study.$pUrban, village, and farm.
=830  \0$aMiscellaneous publication (United States. Department of Agriculture) ;$vno. 436.
=841  \\$ax   $b8709220u    0   4   uu   1870922$ez
=852  \\$aDNAL$i1 Ag84M no.436
=856  40$uhttps://archive.org/details/familyexpenditur436monr
=912  \\$analcatalog
=930  \\$a20140305$b20140404$c00000000
=945  \\$aUIU
=945  \\$p232
=945  \\$aDigiMet
=946  \\$aUSDA
=994  \\$a92$bAGL

