=LDR  01890cam a2200517Ia 4500
=001  9915555261907426
=005  20240620105907.0
=008  890419s1962\\\\dcua\\\\\\\\\f000\0\eng\d
=010  \\$aagr62000128 
=016  7\$aCAT10306739$2DNAL
=035  \\$a345645
=035  \\$a(OCoLC)11664831
=035  \\$a(DNAL)345645-naldb-Voyager
=040  \\$aIEJ$beng$cIEJ$dAGL$dIUL$dOCLCQ$dOCLCG$dSYB$dIXA$dOCLCQ$dNUI$dOCLCF$dOCLCQ$dOCLCO$dOCLCA
=043  \\$as-uy---
=049  \\$aAGLY
=050  10$aHD1907$b.L9 1962
=070  0\$aA281.9$bAg83 no.18
=072  \0$aE130
=086  0\$aA 93.21/2:18
=100  1\$aLynch, John V.$q(John Vincent),$d1934-$0http://id.loc.gov/authorities/names/n88630821
=245  10$aUruguay's agriculture :$bsituation and outlook /$cby John V. Lynch.
=246  1\$iAt head of title:$aForeign Agriculture Economics
=260  \\$aWashington, D.C. :$bEconomic Research Service, U.S. Dept. of Agriculture,$c1962.
=300  \\$a11 pages :$billustrations ;$c26 cm.
=336  \\$atext$btxt$2rdacontent
=337  \\$aunmediated$bn$2rdamedia
=338  \\$avolume$bnc$2rdacarrier
=490  1\$aERS-foreign ;$v18
=591  \\$bNAL Reclamation
=593  \\$fAgricola CAT
=650  \0$aAgriculture$xEconomic aspects$zUruguay.
=651  \7$aUruguay.$2fast$0(OCoLC)fst01202667
=655  \3$aInternet resource.
=776  08$iOnline version:$aLynch, John V. (John Vincent), 1934-$tUruguay's agriculture.$dWashington, D.C. : Economic Research Service, U.S. Dept. of Agriculture, 1962$w(OCoLC)657031377
=830  \0$aERS-foreign ;$v18.
=841  \\$ax   $b8709220u    0   4   uu   1870922$ez
=852  \\$aDNAL$iA281.9 Ag83 no.18
=856  40$uhttps://archive.org/details/uruguaysagricult18lync
=912  \\$analcatalog
=930  \\$a20140305$b20140404$c00000000
=945  \\$aUIU
=945  \\$p16
=945  \\$aDigiMet
=946  \\$aUSDA
=994  \\$a92$bAGL

