=LDR  02092cam a2200505Ia 4500
=001  9915555262507426
=005  20240620105854.0
=008  890419s1964\\\\dcu\\\\\\bs\\f000\0\eng\d
=016  7\$aCAT10306841$2DNAL
=035  \\$a345322
=035  \\$a(OCoLC)15584316
=035  \\$a(DNAL)345322-naldb-Voyager
=040  \\$aRQF$beng$cRQF$dAGL$dOCLCQ$dOCLCG$dOCLCQ$dNUI$dOCLCQ$dOCLCF$dOCL
=043  \\$ae------
=049  \\$aAGLY
=070  0\$aA281.9$bAg83 no.89
=072  \0$aE100
=086  0\$aA 93.21/2:89
=100  1\$aHirsch, Hans G.$q(Hans George),$d1916-$0http://id.loc.gov/authorities/names/n90672792
=245  10$aEuropean "common agricultural policy" on sugar /$cby Hans G. Hirsch.
=260  \\$a[Washington, D.C.] :$bTrade Statistics and Analysis Branch, Development and Trade Analysis Division, Economic Research Service, U.S. Dept. of Agriculture,$c1964.
=300  \\$apages 32-39 ;$c26 cm.
=336  \\$atext$btxt$2rdacontent
=337  \\$aunmediated$bn$2rdamedia
=338  \\$avolume$bnc$2rdacarrier
=490  1\$aERS-foreign ;$v89
=504  \\$aIncludes bibliographical references.
=591  \\$bNAL Reclamation
=593  \\$fAgricola CAT
=650  \0$aSugar$xGovernment policy$zEuropean Economic Community countries.
=650  \0$aSugar$xPrices$zEuropean Economic Community countries.
=651  \7$aEuropean Economic Community countries.$2fast$0(OCoLC)fst01245089
=655  \3$aInternet resource.
=776  08$iOnline version:$aHirsch, Hans G. (Hans George), 1916-$tEuropean "common agricultural policy" on sugar.$d[Washington, D.C.] : Trade Statistics and Analysis Branch, Development and Trade Analysis Division, Economic Research Service, U.S. Dept. of Agriculture, 1964$w(OCoLC)1085123788
=830  \0$aERS-foreign ;$v89.
=841  \\$ax   $b8709220u    0   4   uu   1870922$ez
=852  \\$aDNAL$iA281.9 Ag83 no.89
=856  40$uhttps://archive.org/details/europeancommonag89hirs
=912  \\$analcatalog
=930  \\$a20140305$b20140404$c00000000
=945  \\$aUIU
=945  \\$p22
=945  \\$aDigiMet
=946  \\$aUSDA
=994  \\$a92$bAGL

