=LDR  02192cam a2200529Ia 4500
=001  9915555323207426
=005  20240624163300.0
=008  890419s1965\\\\is\ab\\\\s\\\f000\0\eng\\
=010  \\$anuc67018387 
=016  7\$aCAT10307168$2DNAL
=035  \\$a345658
=035  \\$a(OCoLC)00671591
=035  \\$a(DNAL)345658-naldb-Voyager
=040  \\$aDLC$beng$cDRB$dAGL$dIUL$dOCLCQ$dBUF$dOCLCQ$dOCLCF$dOCLCO$dGZM$dOCLCQ
=043  \\$anw-----
=049  \\$aAGLY
=050  00$aHD1832$b.A5 1965
=070  0\$aA281.9$bAg83 no.94
=072  \0$aE700
=086  0\$aA 93.21/2:94
=245  00$aJamaica, Trinidad and Tobago, Leeward Islands, Windward Islands, Barbados, and British Guiana :$bprojected levels of demand, supply, and imports of agricultural products to 1975.
=260  \\$aJerusalem :$bPublished for the U.S. Dept. of Agriculture, Economic Research Service by the Israel Program for Scientific Translation,$c[1965?]
=300  \\$aiv, 221 pages :$billustrations, 1 map ;$c27 cm.
=336  \\$atext$btxt$2rdacontent
=337  \\$aunmediated$bn$2rdamedia
=338  \\$avolume$bnc$2rdacarrier
=490  1\$aERS-foreign ;$v94
=591  \\$bNAL Reclamation
=593  \\$fAgricola CAT
=650  \0$aAgriculture$zWest Indies.
=650  \0$aProduce trade$zWest Indies.
=651  \7$aWest Indies.$2fast$0(OCoLC)fst01243265
=655  \3$aInternet resource.
=710  1\$aUnited States.$bDepartment of Agriculture.$bEconomic Research Service.$0http://id.loc.gov/authorities/names/n79086751
=776  08$iOnline version:$tJamaica, Trinidad and Tobago, Leeward Islands, Windward Islands, Barbados, and British Guiana.$dJerusalem : Published for the U.S. Dept. of Agriculture, Economic Research Service by the Israel Program for Scientific Translation, [1965?]$w(OCoLC)755259196
=830  \0$aERS-foreign ;$v94.
=841  \\$ax$b8709220u    0   4   uu   1870922$ez
=852  \\$aDNAL$iA281.9 Ag83 no.94
=856  40$uhttps://archive.org/details/jamaicatrinidadt94unit
=912  \\$analcatalog
=930  \\$a20140305$b20140404$c00000000
=945  \\$aUIU
=945  \\$p230
=945  \\$aDigiMet
=946  \\$aUSDA
=959  \\$c2013-04-02$essouder$gap
=994  \\$a92$bAGL

