=LDR  02937cam a2200649Ii 4500
=001  9915555327407426
=005  20240624163259.0
=008  890419s1938\\\\dcuaf\\\\b\\\f000\0\eng\c
=010  \\$aagr38000652 
=016  7\$aCAT10307511$2DNAL
=019  \\$a798956770$a978019399
=035  \\$a345828
=035  \\$a(OCoLC)03718525$z(OCoLC)798956770$z(OCoLC)978019399
=035  \\$a(DNAL)345828-naldb-Voyager
=035  \\$z(OCoLC)798956770$z(OCoLC)978019399
=040  \\$aLibrary, U.S. Dept. of Agriculture$beng$erda$cHDC$dHDC$dAGL$dOCL$dVIC$dOCLCQ$dLVB$dOCLCG$dDRB$dAMAZN$dOCLCQ$dLHL$dOCLCO$dOCLCQ$dOCLCO$dOCLCA$dOCLCF$dOCLCA$dNJR$dOCLCQ$dJM9$dOCLCA$dOCLCO
=043  \\$an-us---
=049  \\$aAGLY
=050  \0$aS623$b.L57
=070  0\$a1$bAg84M no.321
=072  \0$aJ800
=086  0\$aA 1.38:321
=100  1\$aLord, Russell,$d1895-1964,$eauthor.$0http://id.loc.gov/authorities/names/n50042296
=245  10$aTo hold this soil /$cby Russell Lord.
=264  \1$aWashington, D.C. :$bU.S. Department of Agriculture,$c1938.
=300  \\$a122 pages, 39 unnumbered pages of plates :$billustrations ;$c26 cm.
=336  \\$atext$btxt$2rdacontent
=337  \\$aunmediated$bn$2rdamedia
=338  \\$avolume$bnc$2rdacarrier
=490  1\$aMiscellaneous publication / United States Department of Agriculture ;$vno. 321
=504  \\$a"Recommended reading": page 123.
=530  \\$aAlso issued online.
=505  0\$aThe Film of Life -- New Land -- First Wests -- Two hundred years later -- The Midland is taken -- The high plains are taken -- Last Wests -- "Back of yonder."
=520  3\$aThis publication presents the story of American soil from the earliest records to the present in a comprehensive narrative on soil conservation.
=591  \\$bNAL Reclamation
=593  \\$fAgricola CAT
=650  \0$aSoil conservation$zUnited States.$0http://id.loc.gov/authorities/subjects/sh85124332
=650  \3$asoil erosion$xPrevention and control.
=651  \7$aUnited States.$2fast$0(OCoLC)fst01204155
=655  \3$aInternet resource.
=710  1\$aUnited States.$bDepartment of Agriculture,$eissuing body.
=710  1\$aUnited States.$bSoil Conservation Service,$econtributor.$0http://id.loc.gov/authorities/names/n78085479
=776  08$iOnline version:$aLord, Russell, 1895-1964.$tTo hold this soil.$dWashington, D.C. : U.S. Dept. of Agriculture, 1938$w(OCoLC)608378308
=830  \0$aMiscellaneous publication (United States. Department of Agriculture) ;$vno. 321.
=841  \\$ax   $b8709220u    0   4   uu   1870922$ez
=852  \\$aDNAL$i1 Ag84M no.321
=856  41$uhttps://archive.org/details/toholdthissoil321lord
=912  \\$analcatalog
=930  \\$a20140305$b20140404$c00000000
=938  \\$aAMAZON$bAMZN$nB003B3N3ZM
=939  \\$a20130417$b20130503$c00000000
=945  \\$aUIU
=945  \\$p192
=945  \\$aDigiMet
=946  \\$aUSDA
=959  \\$c2013-04-17$essouder$gde
=994  \\$a92$bAGL

