=LDR  02147cam a2200529Ia 4500
=001  9915555355307426
=005  20240624163320.0
=008  890419s1935\\\\dcuabf\\\b\\\f000\0\eng\c
=010  \\$aagr35000430 
=016  7\$aCAT10306908$2DNAL
=035  \\$a345329
=035  \\$a(OCoLC)12242940
=035  \\$a(DNAL)345329-naldb-Voyager
=040  \\$aLibrary, U.S. Dept. of Agriculture$beng$cSMI$dAGL$dIUL$dOCLCQ$dOCLCG$dCLU$dOCLCQ$dOCLCF$dOCLCO$dOCLCA
=049  \\$aAGLY
=050  10$aS21$b.A46 no.226
=070  0\$a1$bAg84M no.226
=072  \0$aF821
=086  0\$aA 1.38:226
=100  1\$aBarber, Herbert Spencer,$d1882-1950.$0http://id.loc.gov/authorities/names/n91109382
=245  14$aThe tobacco and Solanum weevils of the genus Trichobaris /$cby H.S. Barber.
=260  \\$aWashington, D.C. :$bU.S. Dept. of Agriculture,$c1935.
=300  \\$a28 pages, 1 leaf of plates :$billustrations, 1 map ;$c23 cm.
=336  \\$atext$btxt$2rdacontent
=337  \\$aunmediated$bn$2rdamedia
=338  \\$avolume$bnc$2rdacarrier
=490  1\$aMiscellaneous publication / United States Department of Agriculture ;$vno. 226
=504  \\$aIncludes bibliographical references (page 28).
=591  \\$bNAL Reclamation
=593  \\$fAgricola CAT
=650  \0$aTobacco stalk borer.$0http://id.loc.gov/authorities/subjects/sh85135749
=650  \0$aTrichobaris.$0http://id.loc.gov/authorities/subjects/sh85137456
=655  \3$aInternet resource.
=776  08$iOnline version:$aBarber, Herbert Spencer, 1882-1950.$tTobacco and Solanum weevils of the genus Trichobaris.$dWashington, D.C. : U.S. Dept. of Agriculture, 1935$w(OCoLC)776797192
=830  \0$aMiscellaneous publication (United States. Department of Agriculture) ;$vno. 226.
=841  \\$ax   $b8709220u    0   4   uu   1870922$ez
=852  \\$aDNAL$i1 Ag84M no.226
=856  41$uhttps://archive.org/details/tobaccosolanumwe226barb
=912  \\$analcatalog
=930  \\$a20140305$b20140404$c00000000
=939  \\$a20130417$b20130503$c00000000
=945  \\$aUIU
=945  \\$p36
=945  \\$aDigiMet
=946  \\$aUSDA
=959  \\$c2013-04-17$essouder$gde
=994  \\$a92$bAGL

