=LDR  01748cam a2200517Ia 4500
=001  9915555398107426
=005  20240620105928.0
=008  890419s1961\\\\dcua\\\\\\\\\f000\0\eng\d
=010  \\$aagr61000242 
=016  7\$aCAT10306405$2DNAL
=035  \\$a345639
=035  \\$a(OCoLC)11664741
=035  \\$a(DNAL)345639-naldb-Voyager
=040  \\$aIEJ$beng$cIEJ$dAGL$dIUL$dOCLCQ$dOCLCG$dOCLCQ$dNUI$dOCLCF$dOCLCQ$dOCLCO$dOCLCA
=043  \\$aa-ii---
=049  \\$aAGLY
=050  \0$aHD1411$bU6 no. 8
=070  0\$aA281.9$bAg83 no.8
=072  \0$aE550
=072  \0$aE300
=086  0\$aA 93.21/2:8
=100  1\$aHall, William F.$q(William Francois),$d1930-$0http://id.loc.gov/authorities/names/n90642862
=245  10$aP.L. 480's contribution to India's economic development /$cby William F. Hall.
=260  \\$aWashington, D.C. :$bEconomic Research Service, U.S. Dept. of Agriculture,$c1961.
=300  \\$a10 pages :$billustrations ;$c26 cm.
=336  \\$atext$btxt$2rdacontent
=337  \\$aunmediated$bn$2rdamedia
=338  \\$avolume$bnc$2rdacarrier
=490  1\$aERS-foreign ;$v8
=591  \\$bNAL Reclamation
=593  \\$fAgricola CAT
=650  \0$aEconomic assistance, American$zIndia.
=651  \0$aIndia$xEconomic conditions.$0http://id.loc.gov/authorities/subjects/sh85064892
=651  \7$aIndia.$2fast$0(OCoLC)fst01210276
=655  \3$aInternet resource.
=830  \0$aERS-foreign ;$v8.
=841  \\$ax   $b8709220u    0   4   uu   1870922$ez
=852  \\$aDNAL$iA281.9 Ag83 no.8
=856  40$uhttps://archive.org/details/pl480scontributi08hall
=912  \\$analcatalog
=930  \\$a20140305$b20140404$c00000000
=945  \\$aUIU
=945  \\$p16
=945  \\$aDigiMet
=946  \\$aUSDA
=994  \\$a92$bAGL

