=LDR  02088cam a2200517Ia 4500
=001  9915555424107426
=005  20240620105949.0
=008  890419s1966\\\\dcu\\\\\\b\\\f000\0\eng\d
=016  7\$aCAT10306348$2DNAL
=035  \\$a345257
=035  \\$a(OCoLC)15565276
=035  \\$a(DNAL)345257-naldb-Voyager
=040  \\$aRQF$beng$cRQF$dAGL$dIUL$dOCLCQ$dNUI$dOCLCF$dOCLCQ$dOCLCO$dOCL
=043  \\$an-us---
=049  \\$aAGLY
=070  0\$aA281.9$bAg83 no.167
=072  \0$aE130
=086  0\$aA 93.21/2:167
=100  1\$aTrue, Arthur W.$q(Arthur Webster),$d1898-
=245  10$aEconomics of agriculture of foreign countries and U.S. foreign agricultural trade :$ba selected list of publications prepared or sponsored by the Economic Research Service /$c[compiled by Arthur W. True].
=260  \\$a[Washington, D.C.] :$bEconomic Research Service, U.S. Dept. of Agriculture,$c1966.
=300  \\$aiii, 8 pages ;$c26 cm.
=336  \\$atext$btxt$2rdacontent
=337  \\$aunmediated$bn$2rdamedia
=338  \\$avolume$bnc$2rdacarrier
=490  1\$aERS-foreign ;$v167
=591  \\$bNAL Reclamation
=593  \\$fAgricola CAT
=650  \0$aAgriculture$xEconomic aspects$vBibliography.
=651  \0$aUnited States$xCommerce$vBibliography.
=651  \0$aUnited States$xForeign economic relations$vBibliography.
=651  \7$aUnited States.$2fast$0(OCoLC)fst01204155
=655  \3$aInternet resource.
=655  \7$aBibliographies.$2fast$0(OCoLC)fst01919895
=776  08$iOnline version:$aTrue, Arthur W. (Arthur Webster), 1898-$tEconomics of agriculture of foreign countries and U.S. foreign agricultural trade.$d[Washington, D.C.] : Economic Research Service, U.S. Dept. of Agriculture, 1966$w(OCoLC)1083763900
=830  \0$aERS-foreign ;$v167.
=841  \\$ax   $b8709220u    0   4   uu   1870922$ez
=852  \\$aDNAL$iA281.9 Ag83 no.167
=856  40$uhttps://archive.org/details/economicsofagric167true
=912  \\$analcatalog
=930  \\$a20140305$b20140404$c00000000
=945  \\$aUIU
=945  \\$p16
=945  \\$aDigiMet
=946  \\$aUSDA
=994  \\$a92$bAGL

