=LDR  02007cam a2200565   4500
=001  9915555432207426
=005  20240624163341.0
=008  890419s1967\\\\dcua\\\\\\\\\\000\0\eng\c
=010  \\$aagr67000330 
=016  7\$aCAT10307523$2DNAL
=035  \\$a345666
=035  \\$a(OCoLC)00035330
=035  \\$a(DNAL)345666-naldb-Voyager
=040  \\$aU.S. Nat'l Agr. Libr.$beng$cDLC$dIUL$dOCLCQ$dBTCTA$dOCLCG$dUIU$dCUI$dOCLCO$dOCLCQ$dOCLCF$dSFR$dGZM$dOCLCA$dAGL
=043  \\$aa-af---
=049  \\$aAGLY
=050  \0$aHD2111.A42$bF6
=070  0\$aA281.9$bAg83 no.194
=072  \0$aE130
=086  0\$aA 93.21/2:194
=100  1\$aFox, Ray S.,$d1929-$0http://id.loc.gov/authorities/names/n81149678
=245  10$aAgriculture in Afghanistan's economy$c[by Ray S. Fox.
=260  \\$aWashington,$c1967]
=300  \\$a14 pages$billustrations$c26 cm.
=336  \\$atext$btxt$2rdacontent
=337  \\$aunmediated$bn$2rdamedia
=338  \\$avolume$bnc$2rdacarrier
=490  1\$aUnited States. Dept. of Agriculture. Economic Research Service. ERS-foreign$v194
=591  \\$bNAL Reclamation
=593  \\$fAgricola CAT
=650  \0$aAgriculture$xEconomic aspects$zAfghanistan.
=650  \3$aagriculture$xEconomic aspects$zAfghanistan.
=651  \3$aAfghanistan$xEconomic conditions.
=651  \7$aAfghanistan.$2fast$0(OCoLC)fst01205406
=655  \3$aInternet resource.
=776  08$iOnline version:$aFox, Ray S., 1929-$tAgriculture in Afghanistan's economy.$dWashington, 1967]$w(OCoLC)777021534
=830  \0$aERS-foreign ;$v194.
=841  \\$ax   $b8709220u    0   4   uu   1870922$ez
=852  \\$aDNAL$iA281.9 Ag83 no.194
=856  40$uhttps://archive.org/details/agricultureinafg194foxr
=912  \\$analcatalog
=930  \\$a20140305$b20140404$c00000000
=938  \\$aBaker and Taylor$bBTCP$nagr67000330
=939  \\$a20130417$b20130503$c00000000
=945  \\$aUIU
=945  \\$p20
=945  \\$aDigiMet
=946  \\$aUSDA
=959  \\$c2013-04-17$essouder$gde
=994  \\$a92$bAGL

