=LDR  01839cam a2200505 a 4500
=001  9915555553107426
=005  20240624163402.0
=008  800401s1964\\\\mdua\\\\\b\\\f000\0\eng\d
=016  7\$aCAT10230208$2DNAL
=035  \\$a199690
=035  \\$a(OCoLC)23438076
=035  \\$a(DNAL)199690-naldb-Voyager
=040  \\$aAFM$beng$cAFM$dOCLCQ$dAGL$dOCLCO$dOCLCF$dCOF$dOCLCQ$dOCLCA$dAGL$dOCLCQ
=049  \\$aAGLL
=050  \0$aS21$b.U42 no.41-92
=070  0\$aA56.9$bR31 no. 92
=072  \0$a8500
=086  0\$aA 77.15:ARS-41-92
=100  1\$aDonnelly, Charles A.,$eauthor.$0http://id.loc.gov/authorities/names/no99016836
=245  10$aTests of a splitter-type antivortex wall for a hood drop inlet to a closed conduit spillway /$cCharles A. Donnelly.
=260  \\$a[Beltsville, Md.] :$bAgricultural Research Service, U.S. Dept. of Agriculture,$c[1964]
=300  \\$a4 pages :$billustrations ;$c26 cm
=336  \\$atext$btxt$2rdacontent
=337  \\$aunmediated$bn$2rdamedia
=338  \\$avolume$bnc$2rdacarrier
=490  1\$aARS 41 ;$v92
=504  \\$aIncludes bibliographical references.
=530  \\$aAlso available online.
=591  \\$bNAL Reclamation
=593  \\$fAgricola CAT
=650  \0$aSpillways.$0http://id.loc.gov/authorities/subjects/sh85126646
=655  \3$aInternet resource.
=710  1\$aUnited States.$bAgricultural Research Service.
=830  \0$aARS (Series) (United States. Agricultural Research Service) ;$v41-92.
=856  41$uhttps://archive.org/details/testsofsplittert92donn
=912  \\$analcatalog
=930  \\$a20201020$b00000000$c00000000
=939  \\$a20160210$b20160304$c00000000
=945  \\$aDigiMet
=945  \\$p10
=946  \\$aUSDA
=958  \\$be$c2016-02-05$dn$edfriedma
=959  \\$c2016-02-10$earojas$gap
=959  \\$c2020-10-20$ecbarone$gother
=994  \\$a92$bAGL

