=LDR  01813cam a2200493Ia 4500
=001  9915555575007426
=005  20240624163408.0
=008  800401s1967\\\\paua\\\\\\\\\f000\0\eng\d
=016  7\$aCAT10242373$2DNAL
=035  \\$a199191
=035  \\$a(OCoLC)311551980
=035  \\$a(DNAL)199191-naldb-Voyager
=040  \\$aMTG$beng$cMTG$dMTG$dNUI$dOCLCA$dPHA$dOCLCF$dOCLCQ$dSEA$dAGM$dOCLCA$dAGL
=049  \\$aAGLL
=070  \\$aA99.9$bF7622U no. 66
=072  \0$a3000
=086  0\$aA 13.79:NE-66
=100  1\$aMartens, David G.$0http://id.loc.gov/authorities/names/n84003576
=245  14$aThe Marcraft floor-leveling system for urban rehabilitation /$c[David G. Martens and E. Paul Craft].
=260  \\$aUpper Darby, Pa. :$bNortheastern Forest Experiment Station, Forest Service, U.S. Dept. of Agriculture,$c1967.
=300  \\$a8 pages :$billustrations ;$c25 cm.
=336  \\$atext$btxt$2rdacontent
=337  \\$aunmediated$bn$2rdamedia
=338  \\$avolume$bnc$2rdacarrier
=490  1\$aU.S. Forest Service research note ;$vNE-66
=530  \\$aAlso available online.
=591  \\$bNAL Reclamation
=593  \\$fAgricola CAT
=650  \0$aFloors$xDesign and construction.
=650  \0$aFlooring.$0http://id.loc.gov/authorities/subjects/sh85049176
=650  \3$aFloors.
=655  \3$aInternet resource.
=700  1\$aCraft, E. Paul.$0http://id.loc.gov/authorities/names/n81133240
=710  2\$aNortheastern Forest Experiment Station (Radnor, Pa.)
=830  \0$aForest Service research note NE ;$v66.
=856  41$uhttps://archive.org/details/marcraftfloorlev66mart
=912  \\$analcatalog
=930  \\$a20140116$b00000000$c00000000
=945  \\$aDigiMet
=945  \\$p12
=946  \\$aUSDA
=959  \\$c2014-01-15$essouder$gurl
=959  \\$c2014-01-16$earojas$gap
=994  \\$a92$bAGL

