=LDR  01231cam a2200385M  4500
=001  9915555586307426
=005  20240624163404.0
=008  800401s1967\\\\pau\\\\\\\\\\\000\0\eng\d
=016  7\$aCAT10242726$2DNAL
=035  \\$a199889
=035  \\$a(OCoLC)1289128359
=035  \\$a(DNAL)199889-naldb-Voyager
=040  \\$aAGL$beng$cAGL
=049  \\$aAGLL
=070  \\$aA99.9$bF7622U no. 75
=072  \0$a4500
=100  1\$aTrimble, George R.
=245  10$aDiameter increase in second-growth Appalachian hardwood stands; a comparison of species.
=260  \\$aUpper Darby,$c1967.
=300  \\$a5 p.
=490  1\$aU.S. Forest Service. Northeastern Forest Experiment Station, 1945- U.S. Forest Service research note NE-75
=504  \\$aBibliography: p. 5.
=591  \\$bNAL Reclamation
=593  \\$fAgricola CAT
=655  \3$aInternet resource.
=810  2\$aUnited States.$bForest Service.$tU.S. Forest Service research note NE.$v75.
=856  41$uhttps://archive.org/details/diameterincrease75trim
=912  \\$analcatalog
=930  \\$a20140116$b00000000$c00000000
=945  \\$aDigiMet
=945  \\$p10
=946  \\$aUSDA
=959  \\$c2014-01-15$essouder$gurl
=959  \\$c2014-01-16$earojas$gap
=994  \\$a92$bAGL

