=LDR  01921cam a2200505Ia 4500
=001  9915555675607426
=005  20240620110152.0
=008  800401s1967\\\\utu\\\\\\b\\\f000\0\eng\d
=016  7\$aCAT10242698$2DNAL
=035  \\$a199834
=035  \\$a(OCoLC)32180344
=035  \\$a(DNAL)199834-naldb-Voyager
=040  \\$aSDB$beng$cSDB$dNUI$dOCLCQ$dOCLCF$dOCLCQ$dSEA$dAGM$dOCLCA$dAGL
=043  \\$an-us-ut
=049  \\$aAGLL
=070  \\$aA99.9$bF764Un no. 73
=072  \0$a8000
=086  0\$aA 13.79:INT-73
=100  1\$aTew, Ronald K.
=245  10$aSoil moisture depletion by aspen in central Utah /$cRonald K. Tew.
=260  \\$aOgden, Utah :$bU.S. Dept. of Agriculture, Forest Service, Intermountain Forest & Range Experiment Station,$c1967.
=300  \\$a8 pages ;$c27 cm.
=336  \\$atext$btxt$2rdacontent
=337  \\$aunmediated$bn$2rdamedia
=338  \\$avolume$bnc$2rdacarrier
=490  1\$aU.S. Forest Service research note INT ;$v73
=504  \\$aIncludes bibliographical references.
=591  \\$bNAL Reclamation
=593  \\$fAgricola CAT
=650  \0$aSoil moisture conservation$zUtah.
=650  \0$aAspen$zUtah.
=650  \3$aPopulus tremuloides.
=650  \3$aSoil water.
=651  \7$aUtah.$2fast$0(OCoLC)fst01204563
=655  \3$aInternet resource.
=710  2\$aIntermountain Forest and Range Experiment Station (Ogden, Utah)$0http://id.loc.gov/authorities/names/n79062786
=776  08$iOnline version:$aTew, Ronald K.$tSoil moisture depletion by aspen in central Utah.$dOgden, Utah : U.S. Dept. of Agriculture, Forest Service, Intermountain Forest & Range Experiment Station, 1967$w(OCoLC)624547037
=830  \0$aU.S. Forest Service research note INT ;$v73.
=856  41$uhttps://archive.org/details/soilmoisturedepl73tewr
=912  \\$analcatalog
=930  \\$a20140604$b00000000$c00000000
=945  \\$aDigiMet
=945  \\$p12
=946  \\$aUSDA
=994  \\$a92$bAGL

