=LDR  01925cam a2200541Ia 4500
=001  9915555709307426
=005  20240624163426.0
=008  800401s1967\\\\pau\\\\\\b\\\f000\0\eng\d
=016  7\$aCAT10242323$2DNAL
=035  \\$a199093
=035  \\$a(OCoLC)311571632
=035  \\$a(DNAL)199093-naldb-Voyager
=040  \\$aMTG$beng$cMTG$dMTG$dNUI$dOCLCA$dOCLCF$dOCLCQ$dSEA$dCOD$dOCLCA$dAGM$dOCLCA$dAGL
=049  \\$aAGLL
=050  \0$aSD11$b.A4550 NE-62
=070  \\$aA99.9$bF7622U no. 62
=072  \0$a7000
=086  0\$aA 13.79:NE-62
=100  1\$aLittle, Silas.$0http://id.loc.gov/authorities/names/n79078728
=245  10$aResults of herbicide trials to control Japanese honeysuckle /$c[Silas Little and Horace A. Somes].
=260  \\$aUpper Darby, Pa. :$bNortheastern Forest Experiment Station, Forest Service, U.S. Dept. of Agriculture,$c1967.
=300  \\$a8 pages ;$c25 cm.
=336  \\$atext$btxt$2rdacontent
=337  \\$aunmediated$bn$2rdamedia
=338  \\$avolume$bnc$2rdacarrier
=490  1\$aU.S. Forest Service research note ;$vNE-62
=504  \\$aIncludes bibliographical references (page 8).
=530  \\$aAlso available online.
=591  \\$bNAL Reclamation
=593  \\$fAgricola CAT
=650  \0$aJapanese honeysuckle$xControl.
=650  \3$aherbicides.
=650  \3$aweed control.
=650  \3$achemical control.
=650  \3$aLonicera japonica.
=655  \3$aInternet resource.
=700  1\$aSomes, Horace A.$0http://id.loc.gov/authorities/names/n87128557
=710  2\$aNortheastern Forest Experiment Station (Radnor, Pa.)
=830  \0$aU.S. Forest Service research note NE ;$v62.
=856  41$uhttps://archive.org/details/resultsofherbici62litt
=912  \\$analcatalog
=930  \\$a20140116$b00000000$c00000000
=945  \\$aDigiMet
=945  \\$p12
=946  \\$aUSDA
=959  \\$c2014-01-15$essouder$gurl
=959  \\$c2014-01-16$earojas$gap
=994  \\$a92$bAGL

