=LDR  02169cam a2200529   4500
=001  9915555822207426
=005  20240624163452.0
=008  800401s1966\\\\ohuab\\\\\\\\\000\0\eng\\
=010  \\$a   66062561 
=016  7\$aCAT10230324$2DNAL
=035  \\$a199916
=035  \\$a(OCoLC)00020764
=035  \\$a(DNAL)199916-naldb-Voyager
=040  \\$aDLC$beng$cDLC$dOCLCQ$dKEU$dOCLCO$dOCLCF$dOCLCA$dOCLCQ$dCOD$dOCLCA$dAGL
=043  \\$an-us-ky
=049  \\$aAGLL
=050  00$aSD11$b.A45532 no. 6
=070  \\$aA99.9$bF7629Uf no. 6
=072  \0$a4500
=086  0\$aA 13.80:CS-6
=100  1\$aGansner, David A.$0http://id.loc.gov/authorities/names/n50017346
=245  10$aKentucky forests: Pennyroyal Unit$c[by] David A. Gansner [and] Paul S. DeBald.
=260  \\$a[Columbus, Ohio],$b[Central States Forest Experiment Station, U.S. Dept. of Agriculture, Forest Service]$c1966.
=300  \\$a46 pages$billustrations, maps$c27 cm.
=336  \\$atext$btxt$2rdacontent
=337  \\$aunmediated$bn$2rdamedia
=338  \\$avolume$bnc$2rdacarrier
=490  1\$aU.S. Forest Service resource bulletin CS-6
=591  \\$bNAL Reclamation
=593  \\$fAgricola CAT
=650  \0$aForests and forestry$zKentucky.
=651  \7$aKentucky.$2fast$0(OCoLC)fst01204494
=655  \3$aInternet resource.
=700  1\$aDeBald, Paul S.,$eauthor.$0http://id.loc.gov/authorities/names/n50036563
=710  1\$aUnited States.$bDepartment of Agriculture.
=710  1\$aKentucky.$bDivision of Forestry.$0http://id.loc.gov/authorities/names/n50050049
=776  08$iOnline version:$aGansner, David A.$tKentucky forests: Pennyroyal Unit.$d[Columbus, Ohio, Central States Forest Experiment Station, U.S. Dept. of Agriculture, Forest Service] 1966$w(OCoLC)741759820
=810  2\$aCentral States Forest Experiment Station (Columbus, Ohio).$tU.S. Forest Service resource bulletin CS ;$v6.
=856  41$uhttps://archive.org/details/kentuckyforestsp06gans
=912  \\$analcatalog
=930  \\$a20140703$b00000000$c00000000
=945  \\$aDigiMet
=945  \\$p56
=946  \\$aUSDA
=959  \\$c2011-10-14$essouder$gde
=959  \\$c2014-07-03$earojas$gap
=994  \\$a92$bAGL

