=LDR  02072cam a2200529Ia 4500
=001  9915555934207426
=005  20240620114124.0
=008  800401s1967\\\\utu\\\\\\b\\\f000\0\eng\d
=016  7\$aCAT10242699$2DNAL
=035  \\$a199836
=035  \\$a(OCoLC)32180338
=035  \\$a(DNAL)199836-naldb-Voyager
=040  \\$aSDB$beng$cSDB$dMTG$dOCLCQ$dOCLCF$dOCLCQ$dSEA$dAGM$dOCLCA$dAGL
=043  \\$an-us-ut
=049  \\$aAGLL
=070  \\$aA99.9$bF764Un no. 74
=072  \0$a4500
=086  0\$aA 13.79:INT-74
=100  1\$aTew, Ronald K.
=245  10$aSoil moisture depletion by Gambel oak in central Utah /$cRonald K. Tew.
=260  \\$aOgden, Utah :$bU.S. Dept. of Agriculture, Forest Service, Intermountain Forest & Range Experiment Station,$c1967.
=300  \\$a8 pages ;$c27 cm.
=336  \\$atext$btxt$2rdacontent
=337  \\$aunmediated$bn$2rdamedia
=338  \\$avolume$bnc$2rdacarrier
=490  1\$aU.S. Forest Service research note INT ;$v74
=504  \\$aIncludes bibliographical references.
=591  \\$bNAL Reclamation
=593  \\$fAgricola CAT
=650  \0$aSoil moisture conservation$zUtah.
=650  \0$aQuercus gambelii$zUtah.
=650  \0$aSoils$xQuality$zUtah.
=650  \3$aQuercus gambelii.
=650  \3$asoil water.
=651  \7$aUtah.$2fast$0(OCoLC)fst01204563
=655  \3$aInternet resource.
=710  2\$aIntermountain Forest and Range Experiment Station (Ogden, Utah)$0http://id.loc.gov/authorities/names/n79062786
=710  1\$aUnited States.$bForest Service.$0http://id.loc.gov/authorities/names/n79054932
=776  08$iOnline version:$aTew, Ronald K.$tSoil moisture depletion by Gambel oak in central Utah.$dOgden, Utah : U.S. Dept. of Agriculture, Forest Service, Intermountain Forest & Range Experiment Station, 1967$w(OCoLC)624547250
=830  \0$aU.S. Forest Service research note INT ;$v74.
=856  41$uhttps://archive.org/details/soilmoisturedepl74tewr
=912  \\$analcatalog
=930  \\$a20140604$b00000000$c00000000
=945  \\$aDigiMet
=945  \\$p12
=946  \\$aUSDA
=994  \\$a92$bAGL

