=LDR  02175cam a2200625Ia 4500
=001  9915556032907426
=005  20240624163526.0
=008  800401s1966\\\\akua\\\\\\\\\f000\0\eng\d
=016  7\$aCAT10229397$2DNAL
=019  \\$a1230178754
=035  \\$a198110
=035  \\$a(OCoLC)41813498$z(OCoLC)1230178754
=035  \\$a(DNAL)198110-naldb-Voyager
=035  \\$z(OCoLC)1230178754
=040  \\$aAkJFS$beng$cW7L$dRLA$dOCLCQ$dMTG$dOCLCF$dOCLCQ$dSEA$dCOD$dAGM$dOCLCA$dWURST$dAGL
=041  \\$a...
=043  \\$an-us-ak
=049  \\$aAGLL
=050  \0$aSD11$b.A456135 no.15
=070  \\$aA99.9$bF7672U no. 15
=072  \0$a3500
=086  0\$aA 13.79:NOR-15
=100  1\$aSchmiege, Donald C.$0http://id.loc.gov/authorities/names/n81026885
=245  10$aMortality of overwintering eggs of the black-headed budworm and hemlock sawfly in southeast Alaska /$cD.C. Schmiege.
=260  \\$aJuneau, Alaska :$bU.S. Forest Service, Northern Forest Experiment Station,$c1966.
=300  \\$a4 pages :$billustrations ;$c27 cm.
=336  \\$atext$btxt$2rdacontent
=337  \\$aunmediated$bn$2rdamedia
=338  \\$avolume$bnc$2rdacarrier
=490  1\$aU.S. Forest Service research note NOR ;$v15
=591  \\$bNAL Reclamation
=593  \\$fAgricola CAT
=650  \0$aAcleris variana$zAlaska.
=650  \0$aHemlock sawfly$zAlaska.
=650  \3$aAcleris variana.
=650  \3$aNeodiprion tsugae.
=650  \3$aTsuga heterophylla.
=650  \3$aPicea sitchensis.
=650  \3$amortality.
=650  \3$aoverwintering.
=650  \3$asurveys.
=650  \3$asampling.
=651  \3$aAlaska.
=651  \7$aAlaska.$2fast$0(OCoLC)fst01204480
=655  \3$aInternet resource.
=710  2\$aNorthern Forest Experiment Station (Juneau, Alaska)$0http://id.loc.gov/authorities/names/no2009160659
=810  2\$aNorthern Forest Experiment Station (Juneau, Alaska).$tU.S. Forest service research note NOR ;$v15.
=856  41$uhttps://archive.org/details/mortalityofoverw15schm
=912  \\$analcatalog
=930  \\$a20140703$b00000000$c00000000
=945  \\$aDigiMet
=945  \\$p8
=946  \\$aUSDA
=959  \\$c2014-07-03$earojas$gap
=994  \\$a92$bAGL

