=LDR  02134cam a2200505Ia 4500
=001  9915556038007426
=005  20240620114220.0
=008  800401s1967\\\\utua\\\\\b\\\f000\0\eng\d
=016  7\$aCAT10242331$2DNAL
=035  \\$a199109
=035  \\$a(OCoLC)32180111
=035  \\$a(DNAL)199109-naldb-Voyager
=040  \\$aSDB$beng$cSDB$dOCLCG$dNUI$dOCLCQ$dSEA$dOCLCF$dAGM$dOCLCA$dAGL
=043  \\$an-us-mt
=049  \\$aAGLL
=070  \\$aA99.9$bF764Un no. 70
=072  \0$a4500
=086  0\$aA 13.79:INT-70
=100  1\$aLowery, David P.$0http://id.loc.gov/authorities/names/n82042007
=245  10$aEffect of thinning on the specific gravity of western larch crop trees /$cDavid P. Lowery and Wyman C. Schmidt.
=260  \\$aOgden, Utah :$bU.S. Dept. of Agriculture, Forest Service, Intermountain Forest & Range Experiment Station,$c1967.
=300  \\$a6 pages :$billustrations ;$c27 cm.
=336  \\$atext$btxt$2rdacontent
=337  \\$aunmediated$bn$2rdamedia
=338  \\$avolume$bnc$2rdacarrier
=490  1\$aU.S. Forest Service research note INT ;$v70
=504  \\$aIncludes bibliographical references (page 6).
=591  \\$bNAL Reclamation
=593  \\$fAgricola CAT
=650  \0$aWestern larch$xThinning$zMontana.
=650  \3$aLarix occidentalis.
=650  \3$awood density.
=651  \7$aMontana.$2fast$0(OCoLC)fst01207555
=655  \3$aInternet resource.
=700  1\$aSchmidt, Wyman C.,$d1929-2018.$0http://id.loc.gov/authorities/names/n81029670
=710  2\$aIntermountain Forest and Range Experiment Station (Ogden, Utah)$0http://id.loc.gov/authorities/names/n79062786
=776  08$iOnline version:$aLowery, David P.$tEffect of thinning on the specific gravity of western larch crop trees.$dOgden, Utah : U.S. Dept. of Agriculture, Forest Service, Intermountain Forest & Range Experiment Station, 1967$w(OCoLC)630422077
=830  \0$aU.S. Forest Service research note INT ;$v70.
=856  41$uhttps://archive.org/details/effectofthinning70lowe
=912  \\$analcatalog
=930  \\$a20140604$b00000000$c00000000
=945  \\$aDigiMet
=945  \\$p12
=946  \\$aUSDA
=994  \\$a92$bAGL

