=LDR  02271cam a2200577   4500
=001  9915556258707426
=005  20240624163613.0
=008  800401s1966\\\\dcu\\\\\\\\\\\000\0\eng\c
=010  \\$aagr66000265 
=016  7\$aCAT10230161$2DNAL
=035  \\$a199597
=035  \\$a(OCoLC)00055040
=035  \\$a(DNAL)199597-naldb-Voyager
=040  \\$aU.S. Nat'l Agr. Libr.$beng$cDLC$dOCLCQ$dIWA$dBTCTA$dOCLCG$dOCLCO$dOCLCF$dOCLCQ$dOCLCO$dOCLCA$dCOD$dAGL
=049  \\$aAGLL
=070  0\$aA420$bR31 no. 114
=072  \0$a3500
=086  0\$aA 77.15:33-114
=100  1\$aCreighton, C. S.$q(Charles S.),$d1926-$0http://id.loc.gov/authorities/names/n81018857
=245  10$aField evaluation of chemical compounds for control of cabbage caterpillars /$cby C.S. Creighton and W.J. Reid, Jr.
=260  \\$a[Washington]$c1966.
=300  \\$a8 pages ;$c26 cm.
=336  \\$atext$btxt$2rdacontent
=337  \\$aunmediated$bn$2rdamedia
=338  \\$avolume$bnc$2rdacarrier
=490  1\$aUnited States. Agricultural Research Service. ARS 33$v-114
=530  \\$aAlso available online.
=591  \\$bNAL Reclamation
=593  \\$fAgricola CAT
=650  \0$aCaterpillars.$0http://id.loc.gov/authorities/subjects/sh85021000
=650  \0$aCabbage$xDiseases and pests.$0http://id.loc.gov/authorities/subjects/sh85018550
=650  \0$aInsecticides$xTesting.
=650  \3$ainsect larvae$xControl.
=650  \3$acabbage$xPests.
=650  \3$ainsecticides$xTesting.
=655  \3$aInternet resource.
=700  1\$aReid, W. J.$q(William John),$d1902-1982,$eauthor.
=776  08$iOnline version:$aCreighton, C.S. (Charles S.), 1926-$tField evaluation of chemical compounds for control of cabbage caterpillars.$d[Washington] 1966$w(OCoLC)742653767
=830  \0$aARS (Series) (United States. Agricultural Research Service) ;$v33-114.
=856  41$uhttps://archive.org/details/fieldevaluationo114crei
=912  \\$analcatalog
=930  \\$a20201020$b00000000$c00000000
=938  \\$aBaker and Taylor$bBTCP$nagr66000265
=939  \\$a20140411$b20140502$c00000000
=939  \\$a20131022$b20131101$c00000000
=945  \\$aDigiMet
=945  \\$p14
=946  \\$aUSDA
=959  \\$c2013-10-22$essouder$gurl
=959  \\$c2020-10-20$ecbarone$gother
=994  \\$a92$bAGL

