=LDR  01795cam a2200457Ia 4500
=001  9915556313007426
=005  20240624163611.0
=008  800401s1966\\\\dcua\\\\\\\\\f000\0\eng\d
=016  7\$aCAT10229598$2DNAL
=035  \\$a198499
=035  \\$a(OCoLC)39636914
=035  \\$a(DNAL)198499-naldb-Voyager
=040  \\$aCOF$beng$cCOF$dOCLCQ$dOCLCO$dOCLCA$dGPO$dWURST$dAGL
=049  \\$aAGLL
=070  \\$a1$bAg84M no. 1019 1966
=072  \0$a4000
=074  \\$a0013-A
=086  0\$aA 1.38:1019
=245  00$aResearch careers in nutrition, food science, and food economics.
=260  \\$aWashington, D.C. :$bAgricultural Research Service, U.S. Dept. of Agriculture,$c1966.
=300  \\$a1 folded sheet (6 pages) :$billustrations ;$c26 x 41 cm folded to 26 x 10 cm.
=336  \\$atext$btxt$2rdacontent
=337  \\$aunmediated$bn$2rdamedia
=338  \\$asheet$bnb$2rdacarrier
=490  1\$aMiscellaneous publication / United States Department of Agriculture ;$vno. 1019
=591  \\$bNAL Reclamation
=593  \\$fAgricola CAT
=650  \0$aNutrition$xResearch$xVocational guidance.
=650  \0$aDiet$xResearch$xVocational guidance.
=655  \3$aInternet resource.
=710  1\$aUnited States.$bAgricultural Research Service.
=776  08$iOnline version:$tResearch careers in nutrition, food science, and food economics.$dWashington, D.C. : Agricultural Research Service, U.S. Dept. of Agriculture, 1966$w(OCoLC)1134610444
=830  \0$aMiscellaneous publication (United States. Department of Agriculture) ;$vno. 1019.
=856  41$uhttps://archive.org/details/researchcareersi1019unit
=912  \\$analcatalog
=930  \\$a20140305$b00000000$c00000000
=945  \\$aDigiMet
=945  \\$p14
=946  \\$aUSDA
=959  \\$c2013-06-27$ejgilbert$glf
=994  \\$a92$bAGL

