=LDR  02549cam a2200577I  4500
=001  9915556390107426
=005  20240624163624.0
=008  800401s1966\\\\mduab\\\\b\\\f000\0\eng\d
=016  7\$aCAT10229973$2DNAL
=035  \\$a199231
=035  \\$a(OCoLC)06771209
=035  \\$a(DNAL)199231-naldb-Voyager
=040  \\$aIXA$beng$cIXA$dOCL$dOCLCQ$dOCLCG$dN8E$dNUI$dOCLCF$dOCLCQ$dCOF$dOCLCQ$dAGL
=043  \\$an-us-tx
=049  \\$aAGLL
=050  \0$aGB705.T4$bA367 1966
=070  0\$aA56.9$bR31 no. 103
=072  \0$a5000
=086  0\$aA 77.15:41-103
=086  0\$aA 77.15:ARS-41-103
=110  1\$aUnited States.$bAgricultural Research Service.$bSoil and Water Conservation Research Division.$0http://id.loc.gov/authorities/names/n83008026
=245  10$aGeology and groundwater studies in part of the Edwards Plateau of Texas,$bincluding Sutton and adjacent counties$c[by Horace R. Blank, Walter G. Knisel and Ralph W. Baird].
=260  \\$a[Beltsville? Md.] :$bAgricultural Research Service$c1966.
=300  \\$a41 pages$bdiagram, 2 maps$c26 cm
=336  \\$atext$btxt$2rdacontent
=337  \\$aunmediated$bn$2rdamedia
=338  \\$avolume$bnc$2rdacarrier
=490  1\$aARS 41$v103
=504  \\$aIncludes bibliographical references (pages 25-26).
=530  \\$aAlso available online.
=591  \\$bNAL Reclamation
=593  \\$fAgricola CAT
=650  \0$aGeology$zTexas$zEdwards Plateau.
=650  \0$aGroundwater$zTexas$zEdwards Plateau.
=651  \7$aTexas$zEdwards Plateau.$2fast$0(OCoLC)fst01243757
=655  \3$aInternet resource.
=700  1\$aBlank, H. Richard$q(Horace Richard),$d1929-$0http://id.loc.gov/authorities/names/n82076973
=700  1\$aKnisel, Walter G.$0http://id.loc.gov/authorities/names/n80149209
=700  1\$aBaird, R. W.$q(Ralph W.)$0http://id.loc.gov/authorities/names/n89631550
=776  08$iOnline version:$aUnited States. Agricultural Research Service. Soil and Water Conservation Research Division.$tGeology and groundwater studies in part of the Edwards Plateau of Texas.$d[Beltsville? Md.] ; Agricultural Research Service 1966$w(OCoLC)742314652
=830  \0$aARS (Series) (United States. Agricultural Research Service) ;$v41-103.
=856  41$uhttps://archive.org/details/geologygroundwat10blan/mode/2up
=912  \\$analcatalog
=930  \\$a20201019$b00000000$c00000000
=939  \\$a20131022$b20131101$c00000000
=945  \\$aDigiMet
=945  \\$p70
=946  \\$aUSDA
=959  \\$c2013-10-22$essouder$gurl
=959  \\$c2020-10-19$ecbarone$gother
=994  \\$a92$bAGL

