=LDR  02130cam a2200541Ia 4500
=001  9915556437707426
=005  20240624163648.0
=008  800401s1966\\\\aku\\\\\\b\\\f000\0\eng\d
=016  7\$aCAT10229396$2DNAL
=035  \\$a198108
=035  \\$a(OCoLC)41813522
=035  \\$a(DNAL)198108-naldb-Voyager
=040  \\$aAkJFS$beng$cW7L$dRLA$dOCLCQ$dMTG$dOCLCQ$dSEA$dCOD$dOCLCF$dAGM$dOCLCA$dWURST$dAGL
=043  \\$an-us-ak
=049  \\$aAGLL
=050  \0$aSD11$b.A456135 no.17
=070  \\$aA99.9$bF7672U no. 17
=072  \0$a3500
=086  0\$aA 13.79:NOR-17
=100  1\$aSchmiege, Donald C.$0http://id.loc.gov/authorities/names/n81026885
=245  12$aA field test in southeast Alaska of Bacillus thuringiensis against the black-headed budworm, Acleris variana (fern.) /$cD.C. Schmiege and J.S. Hard.
=260  \\$aJuneau, Alaska :$bU.S. Forest Service, Northern Forest Experiment Station,$c1966.
=300  \\$a4 pages ;$c27 cm.
=336  \\$atext$btxt$2rdacontent
=337  \\$aunmediated$bn$2rdamedia
=338  \\$avolume$bnc$2rdacarrier
=490  1\$aU.S. Forest Service research note NOR ;$v17
=504  \\$aIncludes bibliographical reference.
=591  \\$bNAL Reclamation
=593  \\$fAgricola CAT
=650  \0$aAcleris variana$xControl$zAlaska.
=650  \0$aForest insects$xControl$zAlaska.
=650  \0$aBacillus thuringiensis.$0http://id.loc.gov/authorities/subjects/sh85010783
=650  \3$aAcleris variana.
=650  \3$aBacillus thuringiensis.
=651  \7$aAlaska.$2fast$0(OCoLC)fst01204480
=655  \3$aInternet resource.
=700  1\$aHard, John S.$0http://id.loc.gov/authorities/names/n82049075
=710  2\$aNorthern Forest Experiment Station (Juneau, Alaska)$0http://id.loc.gov/authorities/names/no2009160659
=810  2\$aNorthern Forest Experiment Station (Juneau, Alaska).$tU.S. Forest service research note NOR ;$v17.
=856  41$uhttps://archive.org/details/fieldtestinsouth17schm
=912  \\$analcatalog
=930  \\$a20140703$b00000000$c00000000
=945  \\$aDigiMet
=945  \\$p8
=946  \\$aUSDA
=959  \\$c2014-07-03$earojas$gap
=994  \\$a92$bAGL

