=LDR  03269cam a22005771  4500
=001  9915556497507426
=005  20240624163643.0
=008  800401s1968\\\\dcu\\\\\\b\\\f000\0\eng\c
=010  \\$aagr68000181 
=016  7\$aCAT10242507$2DNAL
=019  \\$a805158223$a1201846286
=035  \\$a199459
=035  \\$a(OCoLC)00447173$z(OCoLC)805158223$z(OCoLC)1201846286
=035  \\$a(DNAL)199459-naldb-Voyager
=035  \\$z(OCoLC)805158223$z(OCoLC)1201846286
=040  \\$aU.S. Nat'l Agr. Libr.$beng$cDLC$dAGL$dOCLCQ$dIUL$dBTCTA$dLHL$dOCLCO$dOCLCA$dOCLCF$dOCLCQ$dOCLCO$dOKS$dOCLCO$dNOC$dOCLCA$dNZ1$dWURST$dOCL
=043  \\$an-us---
=049  \\$aAGLL
=050  00$aS21$b.A46 no. 1087
=070  \\$a1$bAg84M no. 1087
=072  \0$a7500
=086  0\$aA 1.38:1087
=100  1\$aNovak, Benjamin Joseph,$d1915-
=245  12$aA selected bibliography on special districts and authorities in the United States, annotated.
=260  \\$a[Washington]$bU.S. Dept. of Agriculture, Economic Research Service; [for sale by the Supt. of Docs., U.S. Govt. Print. Off.],$c[1968]
=300  \\$a57 pages$c26 cm.
=336  \\$atext$btxt$2rdacontent
=337  \\$aunmediated$bn$2rdamedia
=338  \\$avolume$bnc$2rdacarrier
=490  1\$aUnited States. Dept. Of Agriculture. Miscellaneous publication$vno. 1087
=505  0\$aIntroduction. pp. 1 -- Articles : General periodicals -- Government periodicals -- Professional journals -- Law reviews. pp. 4 -- Books, studies, and reports : General -- University. pp. 31 -- Government publications : Federal -- State -- Local. pp. 39 -- Bibliographies. pp. 50 -- Appendix. pp. 51 -- Subject index. pp. 52 -- Author index. pp. 54 -- State index. pp. 57.
=520  3\$aThe subject of this bibliography is special districts and authorities created under State enabling legislation for the purpose of constructing or operating improvements, or of providing services to the inhabitants of an area. Thus, school districts and autonomous governmental corporations created by the federal government, such as the Tennessee Valley Authority, are not included.
=504  \\$aIncludes bibliographical references and index.
=591  \\$bNAL Reclamation
=593  \\$fAgricola CAT
=650  \0$aSpecial districts$zUnited States$vBibliography.
=651  \7$aUnited States.$2fast$0(OCoLC)fst01204155
=655  \3$aInternet resource.
=655  \7$aBibliographies.$2fast$0(OCoLC)fst01919895
=710  1\$aUnited States.$bDepartment of Agriculture.$bEconomic Research Service.$0http://id.loc.gov/authorities/names/n79086751
=776  08$iOnline version:$aNovak, Benjamin Joseph, 1915-$tSelected bibliography on special districts and authorities in the United States, annotated.$d[Washington] U.S. Dept. of Agriculture, Economic Research Service; [for sale by the Supt. of Docs., U.S. Govt. Print. Off., 1968]$w(OCoLC)784300903
=830  \0$aMiscellaneous publication (United States. Department of Agriculture) ;$vno. 1087.
=856  41$uhttps://archive.org/details/selectedbibliogr1087nova
=912  \\$analcatalog
=930  \\$a20140306$b20140404$c00000000
=938  \\$aBaker and Taylor$bBTCP$nagr68000181
=945  \\$aDigiMet
=945  \\$p64
=946  \\$aUSDA
=959  \\$c2014-03-06$earojas$gap
=994  \\$a92$bAGL

