=LDR  02126cam a2200565Ia 4500
=001  9915556561007426
=005  20240620122157.0
=008  910110s1990\\\\paua\\\\\\\\\f000\0\eng\\
=016  7\$aCAT10411321$2DNAL
=019  \\$a1231928558
=035  \\$a482899
=035  \\$a(OCoLC)22536810$z(OCoLC)1231928558
=035  \\$a(DNAL)482899-naldb-Voyager
=035  \\$z(OCoLC)1231928558
=040  \\$aAGL$beng$cAGL$dOCLCQ$dOCLCO$dOCLCA$dOCLCF$dOCLCQ$dMTG$dOCLCA$dUCW$dAGM$dOCLCO$dAGL
=043  \\$an-use--
=049  \\$aAGLL
=050  \0$aSD11$b.U652 no.116, 1990
=070  0\$aA99.9$bF7622Uf no.116
=072  \0$aK530
=074  \\$a0083-B-05 (MF)
=086  0\$aA 13.80:NE-116
=100  1\$aWidmann, Richard H.
=245  10$aPulpwood production in the Northeast--1988 /$cRichard H. Widmann.
=260  \\$aRadnor, Pa. :$bU.S. Dept. of Agriculture, Forest Service, Northeastern Forest Experiment Station,$c[1990]
=300  \\$a26 pages :$billustrations ;$c28 cm.
=336  \\$atext$btxt$2rdacontent
=337  \\$aunmediated$bn$2rdamedia
=338  \\$avolume$bnc$2rdacarrier
=490  1\$aResource bulletin NE ;$v116
=591  \\$bNAL Reclamation
=593  \\$fAgricola CAT
=650  \0$aPulpwood industry$zNortheastern States.
=650  \0$aPulpwood$zNortheastern States.
=651  \3$aNortheastern United States.
=651  \7$aNortheastern States.$2fast$0(OCoLC)fst01242521
=655  \3$aInternet resource.
=710  2\$aNortheastern Forest Experiment Station (Radnor, Pa.)
=776  08$iOnline version:$aWidmann, Richard H.$tPulpwood production in the Northeast--1988.$dRadnor, Pa. : U.S. Dept. of Agriculture, Forest Service, Northeastern Forest Experiment Station, [1990]$w(OCoLC)624415430
=830  \0$aResource bulletin NE ;$v116.
=841  \\$ax   $b9010110u    0   4   uu   1901011$ez
=852  \\$aDNAL$iA99.9 F7622Uf no.116
=856  41$uhttps://archive.org/details/pulpwoodproducti116widm
=912  \\$analcatalog
=930  \\$a20140207$b20140307$c00000000
=945  \\$dSAM$e90/09/13$fCMM$g90/10/01$n1
=945  \\$p36
=945  \\$aDigiMet
=946  \\$aUSDA
=994  \\$a92$bAGL

