=LDR  01712cam a22004931  4500
=001  9915454314707426
=005  20240624192056.0
=008  920620s1911\\\\caua\\\\\\\\\\000\0\eng\\
=010  \\$a   11004971 
=016  7\$aCAT10509567$2DNAL
=035  \\$a413089
=035  \\$a(OCoLC)15604166
=035  \\$a(DNAL)413089-naldb-Voyager
=040  \\$aDLC$beng$cDLC$dOCL$dTRN$dAGL$dKRTAS$dOCLCF$dOCLCQ$dOCLCO$dOCLCQ
=042  \\$apremarc
=049  \\$aRQIA
=050  00$aSF495$b.C6
=070  0\$a47$bC77
=072  \0$aL100
=072  \0$aQ103
=100  1\$aCook, Peter,$d1872-
=245  10$aSuccessful incubation;$ba working manual for large hatching plants,$cby P. Cook ...
=260  \\$aLos Angeles, Cal.,$bWeimar Press$c[©1911]
=300  \\$a36 pages$bdiagrams$c22 cm
=336  \\$atext$btxt$2rdacontent
=337  \\$aunmediated$bn$2rdamedia
=338  \\$avolume$bnc$2rdacarrier
=530  \\$aAlso available in digital form on the Internet Archive Web site.
=591  \\$bNAL Reclamation
=593  \\$fAgricola CAT
=650  \0$aIncubators.$0http://id.loc.gov/authorities/subjects/sh85064807
=650  \0$aPoultry.$0http://id.loc.gov/authorities/subjects/sh85105892
=655  \3$aInternet resource.
=776  08$iOnline version:$aCook, Peter, 1872-$tSuccessful incubation.$dLos Angeles, Cal., Weimar Press [©1911]$w(OCoLC)952174600
=856  41$uhttps://archive.org/details/successfulincuba00cook_0
=912  \\$analcatalog
=930  \\$a20140702$b20140807$c00000000
=938  \\$aKirtas Technologies, Inc.$bKRTS$n676400
=939  \\$a20130417$b20130503$c00000000
=945  \\$aDigiMet
=945  \\$p48
=946  \\$aOther US
=959  \\$c2013-04-17$essouder$gde
=994  \\$a92$bAGL

