=LDR  04892cam a2200889 a 4500
=001  9915455780107426
=005  20240626133951.0
=008  960409s1995\\\\dcua\\\\\b\\\f100\0\eng\\
=010  \\$a   96134617 
=016  7\$aCAT10745762$2DNAL
=035  \\$a776245
=035  \\$a(OCoLC)34512117
=035  \\$a(DNAL)776245-naldb-Voyager
=040  \\$aDNAL$beng$cDLC$dOCL$dOCLCQ$dBTCTA$dAGL$dMMU$dOCLCO$dOCLCA$dOCLCQ$dOCLCO$dOCLCA$dEUW$dOCLCQ$dOCLCA$dUAB$dVPI$dOCLCF$dOCLCO$dOCLCA
=042  \\$alccopycat
=043  \\$an-us---
=049  \\$aAGLL
=050  00$aS21$b.A46 no. 1532$aRA601.5
=070  0\$a1$bAg84m no.1532
=072  \0$aQ200
=086  0\$aA 1.38:1532
=245  00$aTracking foodborne pathogens from farm to table :$bdata needs to evaluate control options : conference proceedings January 9-10, 1995, Washington, D.C. /$c[Tanya Roberts, Helen Jensen, and Laurian Unnevehr, editors].
=260  \\$aWashington, D.C. :$bU.S. Dept. of Agriculture, ERS,$c[1995]
=300  \\$a188 pages :$billustrations ;$c28 cm.
=336  \\$atext$btxt$2rdacontent
=337  \\$aunmediated$bn$2rdamedia
=338  \\$avolume$bnc$2rdacarrier
=490  1\$aMiscellaneous publication ;$vno. 1532
=504  \\$aIncludes bibliographical references.
=530  \\$aAlso available on the Internet.
=505  0\$aIntroduction -- Tracking foodborne pathogens from farm to table: data needs to evaluate control options -- Human foodborne disease, susceptibility, and food consumption data -- Data on foodborne disease cases, severity, and costs -- Estimate of risk of foodborne illness for persons with HIV/AIDS infection, United States, 1987-92 -- Identifying frequent consumers of foods associated with foodborne pathogens -- Comments -- Tracking foodborne pathogen data from farm to retail -- Pathogen identification on the farm and the impact of farm management strategies -- Data needed to develop microbial food safety systems for slaughter, processing, and distribution -- Comments -- Integrating data for risk management -- Risk assessment for foodborne microbial hazards -- Managing risks from foodborne microbial hazards -- Economics of regulation and information related to foodborne microbial pathogens -- Comments -- Policy roundtable: how can food safety data and analysis help in program and policy design? -- How can data and analysis help in program and policy design? -- Importance of data in pursuing a science-based strategy for protecting public health -- How data and analysis can help in program and policy design -- Data on foodborne pathogens: how much, how useful, how costly? -- Foodborne pathogens and data needs -- Summary, data followup, and recommendations -- Summary and critical issues in tracking foodborne pathogens -- Databases used to track foodborne pathogens from farm to table.
=591  \\$bNAL Reclamation
=593  \\$fAgricola CAT
=650  \0$aFoodborne diseases$zUnited States$vCongresses.
=650  \0$aFoodborne diseases$xDatabases$vCongresses.
=650  \0$aPathogenic microorganisms$vCongresses.
=650  \0$aNutrition policy$zUnited States$xCost effectiveness$vCongresses.
=650  \2$aFoodborne Diseases.
=650  \2$aFood Safety.
=650  \2$aRisk Assessment.
=650  \3$afood safety.
=650  \3$acost benefit analysis.
=650  \3$afoodborne illness.
=650  \3$afood pathogens.
=650  \3$aHACCP.
=651  \3$aUnited States.
=651  \7$aUnited States.$2fast$0(OCoLC)fst01204155
=655  \3$aInternet resource.
=655  \4$aConference proceedings.
=655  \7$aConference papers and proceedings.$2fast$0(OCoLC)fst01423772
=700  1\$aRoberts, Tanya.
=700  1\$aJensen, Helen H.
=700  1\$aUnnevehr, Laurian.
=710  1\$aUnited States.$bDepartment of Agriculture.$bEconomic Research Service.
=776  08$iOnline version:$tTracking foodborne pathogens from farm to table.$dWashington, D.C. : U.S. Dept. of Agriculture, ERS, [1995]$w(OCoLC)1086366630
=830  \0$aMiscellaneous publication (United States. Department of Agriculture) ;$vno. 1532.
=856  \1$uhttp://hdl.handle.net/10113/36540$zAvailable in the National Agricultural Library Digital Collections
=856  41$uhttps://archive.org/details/trackingfoodborn1532robe
=910  \\$aUSDA$bERS
=912  \\$analcatalog
=930  \\$a20140305$b20140404$c00000000
=938  \\$aBaker and Taylor$bBTCP$n96134617
=939  \\$a20100203$b20100305$c00000000
=939  \\$a20091211$b20100101$c00000000
=939  \\$a19960503$b19960510$c00000000
=945  \\$dSAM$e96/04/04$fVS$g96/04/09$n1
=945  \\$p200
=945  \\$aDigiMet
=946  \\$aUSDA
=959  \\$c2023-03-08$eaxu$glf
=959  \\$c2015-04-20$essouder$gother
=959  \\$c2013-04-02$essouder$gap
=959  \\$c2009-12-08$ergallett$gaccadd
=972  \\$aindexed$bc$cc
=973  \\$aCS1
=975  \\$aIND
=994  \\$a92$bAGL

