=LDR  02227cam a2200553Ia 4500
=001  9915456752707426
=005  20240624193304.0
=008  800401s1969\\\\oru\\\\\\b\\\f000\0\eng\d
=016  7\$aCAT10248751$2DNAL
=035  \\$a185049
=035  \\$a(OCoLC)54480555
=035  \\$a(DNAL)185049-naldb-Voyager
=040  \\$aNRC$beng$cNRC$dMTG$dXFF$dOCLCF$dOCLCQ$dOCLCO$dAGM$dWURST$dAGL
=049  \\$aAGLL
=070  \\$aA99.9$bF7625U no. 101
=072  \0$a4500
=086  0\$aA 13.79:PNW-101
=100  1\$aSilen, Roy R.$0http://id.loc.gov/authorities/names/n79085107
=245  10$aCooling a Douglas-fir seed orchard to avoid pollen contamination /$cby Roy R. Silen and Gene Keane.
=260  \\$aPortland, Ore. :$bPacific Northwest Forest and Range Experiment Station, U.S.D.A. Forest Service,$c1969.
=300  \\$a10 pages ;$c28 cm.
=336  \\$atext$btxt$2rdacontent
=337  \\$aunmediated$bn$2rdamedia
=338  \\$avolume$bnc$2rdacarrier
=490  1\$aU.S.D.A. Forest Service research note PNW ;$v101
=504  \\$aIncludes bibliographical references.
=591  \\$bNAL Reclamation
=593  \\$fAgricola CAT
=650  \0$aDouglas fir$xSeeds.
=650  \0$aPollen$xDispersal.$0http://id.loc.gov/authorities/subjects/sh85104513
=650  \0$aPollen management.$0http://id.loc.gov/authorities/subjects/sh97001007
=650  \3$aseed orchards.
=650  \3$aPseudotsuga menziesii.
=650  \3$aTemperature.
=650  \3$aTree breeding.
=650  \3$aPollen.
=655  \3$aInternet resource.
=700  1\$aKeane, Gene.
=710  2\$aPacific Northwest Forest and Range Experiment Station (Portland, Or.)$0http://id.loc.gov/authorities/names/n80126131
=776  08$iOnline version:$aSilen, Roy R.$tCooling a Douglas-fir seed orchard to avoid pollen contamination.$dPortland, Ore. : Pacific Northwest Forest and Range Experiment Station, U.S.D.A. Forest Service, 1969$w(OCoLC)624932593
=830  \0$aUSDA Forest Service research note PNW ;$v101.
=856  41$uhttps://archive.org/details/coolingdouglasfi101sile
=912  \\$analcatalog
=930  \\$a20140506$b00000000$c00000000
=945  \\$aDigiMet
=945  \\$p20
=946  \\$aUSDA
=959  \\$c2014-05-06$earojas$gap
=994  \\$a92$bAGL

