=LDR  01974cam a2200529Ia 4500
=001  9915456758607426
=005  20240624193304.0
=008  800401s1967\\\\dcua\\\\\\\\\f000\0\eng\d
=016  7\$aCAT10236805$2DNAL
=035  \\$a185963
=035  \\$a(OCoLC)70171247
=035  \\$a(DNAL)185963-naldb-Voyager
=040  \\$aIWA$beng$cIWA$dOCLCO$dOCLCQ$dOCLCA$dOCLCF$dAGL
=049  \\$aAGLL
=050  \0$aSB945.H28$bS63x 1967
=070  0\$aA420$bR31 no. 119
=072  \0$a3500
=086  0\$aA 77.15:33-119
=100  1\$aSparks, Alton N.$0http://id.loc.gov/authorities/names/n86824948
=245  10$aLarge-scale field evaluation of electric insect traps to reduce bollworm population in Reeves County, Texas /$c[by Alton N. Sparks].
=260  \\$a[Washington, D.C.?] :$bU.S. Dept. of Agriculture, Agricultural Research Service,$c1967.
=300  \\$a16 pages :$billustrations ;$c26 cm.
=336  \\$atext$btxt$2rdacontent
=337  \\$aunmediated$bn$2rdamedia
=338  \\$avolume$bnc$2rdacarrier
=490  1\$aARS ;$v33-119
=530  \\$aAlso available online.
=591  \\$bNAL Reclamation
=593  \\$fAgricola CAT
=650  \0$aHeliothis zea$xControl.
=650  \0$aTobacco budworm$xControl.
=650  \0$aInsect traps.$0http://id.loc.gov/authorities/subjects/sh85066660
=650  \0$aInsect pests$xControl$xEquipment and supplies.$0http://id.loc.gov/authorities/subjects/sh2002007701
=655  \3$aInternet resource.
=710  1\$aUnited States.$bAgricultural Research Service.
=830  \0$aARS (Series) (United States. Agricultural Research Service) ;$v33-119.
=856  41$uhttps://archive.org/details/largescalefielde119spar
=912  \\$analcatalog
=930  \\$a20201013$b00000000$c00000000
=939  \\$a20140411$b20140502$c00000000
=939  \\$a20131022$b20131101$c00000000
=945  \\$aDigiMet
=945  \\$p20
=946  \\$aUSDA
=959  \\$c2013-10-22$essouder$gurl
=959  \\$c2020-10-13$ecbarone$gother
=994  \\$a92$bAGL

