=LDR  01219cam a2200385M  4500
=001  9915456773007426
=005  20240624193309.0
=008  800401s1968\\\\pau\\\\\\\\\\\000\0\eng\d
=016  7\$aCAT10249026$2DNAL
=035  \\$a185592
=035  \\$a(OCoLC)1289150351
=035  \\$a(DNAL)185592-naldb-Voyager
=040  \\$aAGL$beng$cAGL
=049  \\$aAGLL
=070  \\$aA99.9$bF7622U no. 89
=072  \0$a7000
=100  1\$aTrimble, George R., Jr.
=245  10$aForm recovery by understory sugar maple under uneven-aged management.
=260  \\$aUpper Darby,$c1968.
=300  \\$a7 p.$billus.
=490  1\$aU.S. Forest Service. Northeastern Forest Experiment Station. U.S. Forest Service research note NE-89
=504  \\$aBibliography: p. 7.
=591  \\$bNAL Reclamation
=593  \\$fAgricola CAT
=655  \3$aInternet resource.
=810  2\$aUnited States.$bForest Service.$tU.S. Forest Service research note NE.$v89.
=856  41$uhttps://archive.org/details/formrecoverybyun89trim
=912  \\$analcatalog
=930  \\$a20140116$b00000000$c00000000
=945  \\$aDigiMet
=945  \\$p12
=946  \\$aUSDA
=959  \\$c2014-01-15$essouder$gurl
=959  \\$c2014-01-16$earojas$gap
=994  \\$a92$bAGL

