=LDR  02153cam a2200565Ia 4500
=001  9915456777607426
=005  20240624193300.0
=008  800401s1966\\\\pr\\\\\\\\\\\f000\0\eng\d
=016  7\$aCAT10236412$2DNAL
=019  \\$a1084317498$a1230173205$a1231793819
=035  \\$a185200
=035  \\$a(OCoLC)262686779$z(OCoLC)1084317498$z(OCoLC)1230173205$z(OCoLC)1231793819
=035  \\$a(DNAL)185200-naldb-Voyager
=035  \\$z(OCoLC)1084317498$z(OCoLC)1230173205$z(OCoLC)1231793819
=040  \\$aORE$beng$cORE$dMIN$dMTG$dNUI$dOCLCF$dOCLCQ$dSEA$dCOD$dAGM$dOCLCO$dAGL
=041  0\$aeng$bspa
=049  \\$aAGLL
=050  10$aSD19.P8$bA57 no.9
=070  \\$aA99.9$bF7637N no. 9
=072  \0$a4500
=086  0\$aA 13.79:ITF-9
=100  1\$aNobles, R. W.
=245  10$aMowing understory vegetation in a young teak plantation /$cby R.W. Nobles and C.B. Briscoe.
=260  \\$aRio Piedras, Puerto Rico :$bInstitute of Tropical Forestry,$c[1966]
=300  \\$a2 pages ;$c28 cm.
=336  \\$atext$btxt$2rdacontent
=337  \\$aunmediated$bn$2rdamedia
=338  \\$avolume$bnc$2rdacarrier
=490  1\$aU.S. Forest Service research note ;$vno. ITF 9
=546  \\$aIn English with Spanish summary.
=591  \\$bNAL Reclamation
=593  \\$fAgricola CAT
=650  \0$aTeak.$0http://id.loc.gov/authorities/subjects/sh85133067
=650  \0$aWeeds$xControl.$0http://id.loc.gov/authorities/subjects/sh85145922
=650  \3$aMowing.
=650  \3$aUnderstory.
=650  \3$aForest plantations.
=650  \3$aTectona grandis.
=655  \3$aInternet resource.
=700  1\$aBriscoe, C. B.$0http://id.loc.gov/authorities/names/n88076980
=710  2\$aInstitute of Tropical Forestry (Río Piedras, San Juan, P.R.)$0http://id.loc.gov/authorities/names/n50064401
=810  2\$aInstitute of Tropical Forestry (Río Piedras, San Juan, P.R.).$tU.S. Forest Service research note ITF ;$v9.
=856  41$uhttps://archive.org/details/mowingunderstory09nobl
=912  \\$analcatalog
=930  \\$a20140703$b00000000$c00000000
=945  \\$aDigiMet
=945  \\$p6
=946  \\$aUSDA
=959  \\$c2014-07-03$earojas$gap
=994  \\$a92$bAGL

