=LDR  01874cam a2200529 a 4500
=001  9915456885107426
=005  20240624193324.0
=008  800401s1966\\\\paua\\\\\b\\\f000\0\eng\d
=016  7\$aCAT10236527$2DNAL
=035  \\$a185425
=035  \\$a(OCoLC)310976698
=035  \\$a(DNAL)185425-naldb-Voyager
=040  \\$aMTG$beng$cMTG$dMTG$dNUI$dOCLCA$dPHA$dOCLCF$dOCLCQ$dCOD$dOCLCA$dOCL$dAGM$dOCLCA$dOCLCQ$dAGL
=049  \\$aAGLL
=050  \0$aSD11$b.A4550 NE-50
=070  \\$aA99.9$bF7622U no. 50
=072  \0$a3500
=086  0\$aA 13.79:NE-50
=100  1\$aPodgwaite, J. D.$0http://id.loc.gov/authorities/names/n85819199
=245  10$aBacteria of living and dead larvae of Porthetria dispar (L.) /$c[John D. Podgwaite and Benjamin J. Cosenza].
=260  \\$aUpper Darby, Pa. :$bNortheastern Forest Experiment Station, Forest Service, U.S. Dept. of Agriculture,$c1966.
=300  \\$a7 pages :$billustrations ;$c25 cm
=336  \\$atext$btxt$2rdacontent
=337  \\$aunmediated$bn$2rdamedia
=338  \\$avolume$bnc$2rdacarrier
=490  1\$aU.S. Forest Service research note ;$vNE-50
=504  \\$aIncludes bibliographical references (page 7).
=530  \\$aAlso available online.
=591  \\$bNAL Reclamation
=593  \\$fAgricola CAT
=650  \0$aLymantria dispar$xLarvae.
=650  \3$abacteria.
=650  \3$aLymantria dispar.
=650  \3$alarvae.
=655  \3$aInternet resource.
=700  1\$aCosenza, Benjamin J.
=710  2\$aNortheastern Forest Experiment Station (Radnor, Pa.)
=830  \0$aU.S. Forest Service research note NE ;$v50.
=856  41$uhttps://archive.org/details/bacteriaofliving50podg
=912  \\$analcatalog
=930  \\$a20140116$b00000000$c00000000
=945  \\$aDigiMet
=945  \\$p12
=946  \\$aUSDA
=959  \\$c2014-01-15$essouder$gurl
=959  \\$c2014-01-16$earojas$gap
=994  \\$a92$bAGL

