=LDR  01169cam a2200373M  4500
=001  9915456885707426
=005  20240624193327.0
=008  800401n19669999pau\\\\\\\\\\\000\0\eng\d
=016  7\$aCAT10236523$2DNAL
=035  \\$a185417
=035  \\$a(OCoLC)1289142023
=035  \\$a(DNAL)185417-naldb-Voyager
=040  \\$aAGL$beng$cAGL
=049  \\$aAGLL
=070  \\$aA99.9$bF7622U no. 52
=072  \0$a8000
=100  1\$aPlass, William T.
=245  10$aLand disturbances from strip-mining in eastern Kentucky.
=260  \\$aUpper Darby, Pa.,$c1966-
=300  \\$apt. 1-
=490  1\$aU.S. Forest Service. Northeastern Forest Experiment Station, 1945- U.S. Forest Service research note NE-52
=591  \\$bNAL Reclamation
=593  \\$fAgricola CAT
=655  \3$aInternet resource.
=810  2\$aUnited States.$bForest Service.$tU.S. Forest Service research note NE.$v52.
=856  41$uhttps://archive.org/details/landdisturbances52plas
=912  \\$analcatalog
=930  \\$a20140116$b00000000$c00000000
=945  \\$aDigiMet
=945  \\$p12
=946  \\$aUSDA
=959  \\$c2014-01-15$essouder$gurl
=959  \\$c2014-01-16$earojas$gap
=994  \\$a92$bAGL

