=LDR  01057cam a2200349M  4500
=001  9915456900207426
=005  20240624193326.0
=008  800401n19689999ilu\\\\\\\\\\\000\0\eng\d
=016  7\$aCAT10249105$2DNAL
=035  \\$a185745
=035  \\$a(OCoLC)1288994230
=035  \\$a(DNAL)185745-naldb-Voyager
=040  \\$aAGL$beng$cAGL
=049  \\$aAGLL
=070  \\$aA381$bR31Ac no. 38 etc.
=072  \0$a2500
=110  1\$aUnited States.$bAgricultural Research Service.$bNorthern Utilization Research and Development Division.
=245  10$aPublications and patents on fermentation research.
=260  \\$aPeoria,$c1968-
=490  1\$aU.S. Agricultural Research Service. ARS-71-38
=591  \\$bNAL Reclamation
=593  \\$fAgricola CAT
=655  \3$aInternet resource.
=830  \0$aARS 71 ;$v38.
=856  41$uhttps://archive.org/details/publicationspate7138unit
=912  \\$analcatalog
=930  \\$a20140414$b00000000$c00000000
=945  \\$aDigiMet
=945  \\$p12
=946  \\$aUSDA
=959  \\$c2014-04-14$earojas$gap
=994  \\$a92$bAGL

