=LDR  01967cam a2200493 i 4500
=001  9915456905407426
=005  20240624193320.0
=008  800401s1968\\\\iaua\\\\\b\\\\000\0\eng\d
=016  7\$aCAT10249202$2DNAL
=035  \\$a185929
=035  \\$a(OCoLC)1232010137
=035  \\$a(DNAL)185929-naldb-Voyager
=040  \\$aKUK$beng$erda$cKUK$dOCLCO$dOCLCF$dAGL
=043  \\$an-us---
=049  \\$aAGLL
=070  \\$aA41.9$bR315Ar no. 70
=072  \0$a2000
=086  0\$aA 77.15:91-70
=245  00$aDevelopmental studies conducted by Diagnostic Services National Animal Disease Laboratory :$bfiscal year 1967 : and abstracts of related published articles /$cprepared by Diagnostic Services, Animal Health Division, Agricultural Research Service, U.S. Department of Agriculture.
=264  \1$aAmes, Iowa :$bNational Animal Disease Laboratory, Diagnostic Services ;$c1968.
=300  \\$a58 pages :$billustrations ;$c26 cm.
=336  \\$atext$btxt$2rdacontent
=337  \\$aunmediated$bn$2rdamedia
=338  \\$avolume$bnc$2rdacarrier
=490  1\$aARS 91 ;$v70
=504  \\$aIncludes bibliographical references.
=505  0\$aBrucellosis -- Hog cholera -- Regular miscellaneous -- Scabies -- Scrapie -- Tuberculosis -- Unclassified.
=591  \\$bNAL Reclamation
=593  \\$fAgricola CAT
=610  20$aNational Animal Disease Laboratory (U.S.).$bDiagnostic Services.
=650  \0$aVeterinary medicine$xDiagnosis$zUnited States.
=650  \0$aAnimals$xDiseases$xResearch$zUnited States.
=651  \7$aUnited States.$2fast$0(OCoLC)fst01204155
=655  \3$aInternet resource.
=710  2\$aNational Animal Disease Laboratory (U.S.).$bDiagnostic Services,$eauthor.
=830  \0$aARS 91 ;$v70.
=856  41$uhttps://archive.org/details/developmentalstu9170nati
=912  \\$analcatalog
=930  \\$a20140414$b00000000$c00000000
=945  \\$aDigiMet
=945  \\$p68
=946  \\$aUSDA
=959  \\$c2014-04-14$earojas$gap
=994  \\$a92$bAGL

