=LDR  01953cam a2200553Ia 4500
=001  9915456910907426
=005  20240624193323.0
=008  800401s1966\\\\pr\\\\\\\b\\\f000\0\eng\d
=016  7\$aCAT10236411$2DNAL
=035  \\$a185198
=035  \\$a(OCoLC)262686780
=035  \\$a(DNAL)185198-naldb-Voyager
=040  \\$aORE$beng$cORE$dMIN$dMTG$dNUI$dOCLCQ$dSEA$dCOD$dAGM$dAGL
=041  0\$aeng$bspa
=043  \\$anwvi---
=049  \\$aAGLL
=050  10$aSD19.P8$bA57 no.10
=070  \\$aA99.9$bF7637N no. 10
=072  \0$a4500
=086  0\$aA 13.79:ITF-10
=100  1\$aNobles, R. W.
=245  10$aHeight growth of mahogany seedlings, St. Croix, Virgin Islands /$cby R.W. Nobles and C.B. Briscoe.
=260  \\$aRio Piedras, Puerto Rico :$bInstitute of Tropical Forestry,$c[1966]
=300  \\$a4 pages ;$c28 cm.
=336  \\$atext$btxt$2rdacontent
=337  \\$aunmediated$bn$2rdamedia
=338  \\$avolume$bnc$2rdacarrier
=490  1\$aU.S. Forest Service research note ;$vno. ITF 10
=504  \\$aIncludes bibliographical references.
=546  \\$aIn English with Spanish summary.
=591  \\$bNAL Reclamation
=593  \\$fAgricola CAT
=650  \0$aMahogany$xSeedlings$xGrowth.
=650  \3$aSeedling growth.
=650  \3$aSwietenia.
=650  \3$aHeight.
=651  \3$aVirgin Islands of the United States.
=655  \3$aInternet resource.
=700  1\$aBriscoe, C. B.$0http://id.loc.gov/authorities/names/n88076980
=710  2\$aInstitute of Tropical Forestry (Río Piedras, San Juan, P.R.)$0http://id.loc.gov/authorities/names/n50064401
=810  2\$aInstitute of Tropical Forestry (Río Piedras, San Juan, P.R.).$tU.S. Forest Service research note ITF ;$v10.
=856  41$uhttps://archive.org/details/heightgrowthofma10nobl
=912  \\$analcatalog
=930  \\$a20140703$b00000000$c00000000
=945  \\$aDigiMet
=945  \\$p8
=946  \\$aUSDA
=959  \\$c2014-07-03$earojas$gap
=994  \\$a92$bAGL

