=LDR  01921cam a2200529 a 4500
=001  9915456913607426
=005  20240624193321.0
=008  800401s1966\\\\paua\\\\\b\\\f000\0\eng\d
=016  7\$aCAT10236772$2DNAL
=035  \\$a185901
=035  \\$a(OCoLC)310979468
=035  \\$a(DNAL)185901-naldb-Voyager
=040  \\$aMTG$beng$cMTG$dMTG$dOCLCQ$dNUI$dOCLCA$dPHA$dOCLCF$dOCLCQ$dCOD$dOCLCA$dAGM$dOCLCA$dOCLCQ$dAGL
=043  \\$an-usa--
=049  \\$aAGLL
=070  \\$aA99.9$bF7622U no. 53
=072  \0$a4500
=086  0\$aA 13.79:NE-53
=100  1\$aSmith, H. Clay.$0http://id.loc.gov/authorities/names/n81111967
=245  10$aEpicormic branching on eight species of Appalachian hardwoods /$c[H. Clay Smith].
=260  \\$aUpper Darby, Pa. :$bNortheastern Forest Experiment Station, Forest Service, U.S. Dept. of Agriculture,$c1966.
=300  \\$a4 pages :$billustrations ;$c25 cm
=336  \\$atext$btxt$2rdacontent
=337  \\$aunmediated$bn$2rdamedia
=338  \\$avolume$bnc$2rdacarrier
=490  1\$aU.S. Forest Service research note ;$vNE-53
=504  \\$aIncludes bibliographical references.
=530  \\$aAlso available online.
=591  \\$bNAL Reclamation
=593  \\$fAgricola CAT
=650  \0$aHardwoods$zAppalachian Region.
=650  \0$aBranching (Botany)$0http://id.loc.gov/authorities/subjects/sh85016394
=650  \3$aHardwood.
=651  \3$aAppalachian region.
=651  \7$aAppalachian Region.$2fast$0(OCoLC)fst01240092
=655  \3$aInternet resource.
=710  2\$aNortheastern Forest Experiment Station (Radnor, Pa.)
=830  \0$aU.S. Forest Service research note NE ;$v53.
=856  41$uhttps://archive.org/details/epicormicbranchi53smit
=912  \\$analcatalog
=930  \\$a20140116$b00000000$c00000000
=945  \\$aDigiMet
=945  \\$p8
=946  \\$aUSDA
=959  \\$c2014-01-15$essouder$gurl
=959  \\$c2014-01-16$earojas$gap
=994  \\$a92$bAGL

