=LDR  01188cam a2200361M  4500
=001  9915456917807426
=005  20240624193322.0
=008  800401s1965\\\\mx\\\\\\\\\\\\000\0\eng\d
=016  7\$aCAT10249058$2DNAL
=035  \\$a185653
=035  \\$a(OCoLC)1289064544
=035  \\$a(DNAL)185653-naldb-Voyager
=040  \\$aAGL$beng$cAGL
=049  \\$aAGLL
=070  \\$a1$bAg84M no. 919 1965 Spanish ed.
=072  \0$a3000
=110  1\$aUnited States.$bAgricultural Research Service.$bAgricultural Engineering Research Division.
=245  10$aSecado de las mazorcas de maiz por ventilacion mecanica.
=250  \\$a[1 ed. en espanol].
=260  \\$aMexico$c[1965]
=300  \\$a21 p.$billus.
=591  \\$bNAL Reclamation
=593  \\$fAgricola CAT
=655  \3$aInternet resource.
=710  1\$aUnited States.$bAgricultural Research Service.$bAgricultural Engineering Research Division.$tDrying ear corn by mechanical ventilatiom.
=856  41$uhttps://archive.org/details/secadodelasmazor919unit
=912  \\$analcatalog
=930  \\$a20140306$b00000000$c00000000
=945  \\$aDigiMet
=945  \\$p32
=946  \\$aNon-US
=959  \\$c2014-03-06$earojas$gap
=994  \\$a92$bAGL

