=LDR  02221cam a2200577Ia 4500
=001  9915456947307426
=005  20240624193321.0
=008  800401s1965\\\\pau\\\\\\b\\\f000\0\eng\d
=016  7\$aCAT10226082$2DNAL
=035  \\$a190236
=035  \\$a(OCoLC)310969183
=035  \\$a(DNAL)190236-naldb-Voyager
=040  \\$aMTG$beng$cMTG$dMTG$dOCLCA$dOCLCQ$dSEA$dOCLCF$dCOD$dOCLCA$dOCL$dOCLCA$dUAF$dAGM$dOCLCA$dAGL
=049  \\$aAGLL
=070  \\$aA99.9$bF7622U no. 38
=072  \0$a4500
=086  0\$aA 13.79:NE-38
=100  1\$aSantamour, Frank S.$0http://id.loc.gov/authorities/names/n82115475
=245  10$aInsect-induced crystallization of white pine resins.$nI,$pWhite-pine weevil /$c[Frank A. Santamour, Jr.].
=246  30$aWhite-pine weevil
=260  \\$aUpper Darby, Pa. :$bNortheastern Forest Experiment Station, Forest Service, U.S. Dept. of Agriculture,$c1965.
=300  \\$a8 pages ;$c25 cm.
=336  \\$atext$btxt$2rdacontent
=337  \\$aunmediated$bn$2rdamedia
=338  \\$avolume$bnc$2rdacarrier
=490  1\$aU.S. Forest Service research note ;$vNE-38
=504  \\$aIncludes bibliographical references (page 8).
=530  \\$aAlso available online.
=505  0\$aPt. 1. White-pine weevil. -- (NE-39 Pt. 2. White-pine cone beetle)
=591  \\$bNAL Reclamation
=593  \\$fAgricola CAT
=650  \0$aWhite pine$xDiseases and pests.$0http://id.loc.gov/authorities/subjects/sh85146501
=650  \0$aOleoresins.$0http://id.loc.gov/authorities/subjects/sh85094592
=650  \0$aWhite pine weevil.$0http://id.loc.gov/authorities/subjects/sh85146503
=650  \3$aresins.
=650  \3$aPissodes strobi.
=650  \3$aPinus strobus.
=650  \3$acrystallization.
=655  \3$aInternet resource.
=710  1\$aUnited States.$bDepartment of Agriculture.
=710  2\$aNortheastern Forest Experiment Station (Radnor, Pa.)
=830  \0$aU.S. Forest Service research note NE ;$v38.
=856  41$uhttps://archive.org/details/insectinducedcry38sant
=912  \\$analcatalog
=930  \\$a20140116$b00000000$c00000000
=945  \\$aDigiMet
=945  \\$p12
=946  \\$aUSDA
=959  \\$c2014-01-15$essouder$gurl
=959  \\$c2014-01-16$earojas$gap
=994  \\$a92$bAGL

