=LDR  02298cam a2200589Ia 4500
=001  9915456948607426
=005  20240624193323.0
=008  800401s1967\\\\oruab\\\\b\\\f000\0\eng\d
=016  7\$aCAT10238523$2DNAL
=019  \\$a1039827650$a1231740763
=035  \\$a190312
=035  \\$a(OCoLC)429074867$z(OCoLC)1039827650$z(OCoLC)1231740763
=035  \\$a(DNAL)190312-naldb-Voyager
=035  \\$z(OCoLC)1039827650$z(OCoLC)1231740763
=040  \\$aMIN$beng$cMIN$dOCLCQ$dORX$dOCLCF$dOCLCO$dOCLCQ$dSEA$dAGM$dOCLCA$dAGL
=043  \\$an-us-ak
=049  \\$aAGLL
=050  \0$aSD11$b.A45613 no. 53
=070  \\$aA99.9$bF7625U no. 53
=072  \0$a5000
=086  0\$aA 13.79:PNW-53
=100  1\$aWalkotten, William J.$0http://id.loc.gov/authorities/names/n80039463
=245  10$aElevation effects on rainfall near Hollis, Alaska /$cby W.J. Walkotten and J.H. Patric.
=260  \\$aPortland, Or. :$bPacific Northwest Forest and Range Experiment Station, U.S. Dept. of Agriculture,$c[1967]
=300  \\$a8 leaves :$billustrations, map ;$c28 cm.
=336  \\$atext$btxt$2rdacontent
=337  \\$aunmediated$bn$2rdamedia
=338  \\$avolume$bnc$2rdacarrier
=490  1\$aU.S. Forest Service research note PNW ;$v53
=504  \\$aIncludes bibliographical references (leaves 7-8).
=591  \\$bNAL Reclamation
=593  \\$fAgricola CAT
=650  \0$aForest meteorology$zAlaska.
=650  \0$aRain and rainfall$zAlaska.
=651  \0$aTongass National Forest (Alaska)$0http://id.loc.gov/authorities/subjects/sh2005020492
=650  \3$aaltitude.
=650  \3$arain.
=651  \3$aAlaska.
=651  \7$aAlaska.$2fast$0(OCoLC)fst01204480
=651  \7$aAlaska$zTongass National Forest.$2fast$0(OCoLC)fst01308705
=655  \3$aInternet resource.
=700  1\$aPatric, James H.,$d1922-$0http://id.loc.gov/authorities/names/n81139607
=710  2\$aPacific Northwest Forest and Range Experiment Station (Portland, Or.)$0http://id.loc.gov/authorities/names/n80126131
=830  \0$aU.S. Forest Service research note PNW ;$v53.
=856  41$uhttps://archive.org/details/elevationeffects53walk
=912  \\$analcatalog
=930  \\$a20140507$b00000000$c00000000
=945  \\$aDigiMet
=945  \\$p12
=946  \\$aUSDA
=959  \\$c2014-05-06$earojas$gap
=994  \\$a92$bAGL

