=LDR  01560cam a2200457Mi 4500
=001  9915456952607426
=005  20240624193318.0
=008  800401s1965\\\\pauao\\\\\\\\f000\0\eng\d
=016  7\$aCAT10226143$2DNAL
=019  \\$a979883998$a980059078
=035  \\$a190415
=035  \\$a(OCoLC)785874893$z(OCoLC)979883998$z(OCoLC)980059078
=035  \\$a(DNAL)190415-naldb-Voyager
=035  \\$z(OCoLC)979883998$z(OCoLC)980059078
=040  \\$aMNU$beng$cMNU$dOCLCO$dOCLCQ$dEEM$dOCLCO$dOKS$dOCLCA$dAGL
=049  \\$aAGLL
=070  \\$aA381$bR31A no. 50
=072  \0$a4000
=086  0\$aA 77.15:73-50
=110  1\$aUnited States.$bAgricultural Research Service.
=245  10$aDehydrated explosion-puffed carrot dice of high density.
=260  \\$a[Philadelphia, PA] :$bU.S. Department of Agriculture, Agricultural Research Service,$c1965.
=300  \\$a6 pages :$billustrations ;$c27 cm
=336  \\$atext$btxt$2rdacontent
=337  \\$aunmediated$bn$2rdamedia
=338  \\$avolume$bnc$2rdacarrier
=490  1\$aARS ;$v73-50
=591  \\$bNAL Reclamation
=593  \\$fAgricola CAT
=650  \0$aCarrots$xProcessing.
=650  \0$aFreeze-dried foods$xEquipment and supplies.
=655  \3$aInternet resource.
=830  \0$aARS (Series) (United States. Agricultural Research Service) ;$v73-50.
=856  41$uhttps://archive.org/details/dehydratedexplos7350sinn
=912  \\$analcatalog
=930  \\$a20140414$b20140502$c00000000
=945  \\$aDigiMet
=945  \\$p12
=946  \\$aUSDA
=959  \\$c2014-04-14$earojas$gap
=994  \\$a92$bAGL

