=LDR  01140cam a2200373M  4500
=001  9915456976807426
=005  20240624193325.0
=008  800401s1965\\\\dcu\\\\\\\\\\\000\0\eng\d
=016  7\$aCAT10226241$2DNAL
=035  \\$a190701
=035  \\$a(OCoLC)1289053317
=035  \\$a(DNAL)190701-naldb-Voyager
=040  \\$aAGL$beng$cAGL
=049  \\$aAGLL
=070  \\$a1$bAg84M no. 852 1965
=072  \0$a2000
=110  1\$aUnited States.$bAgricultural Research Service.
=245  10$aScientific careers in animal disease and parasite research.
=250  \\$a[Rev.
=260  \\$aWashington,$c1965]
=300  \\$afolder.
=490  1\$aU.S. Dept. of Agriculture. Miscellaneous publication no. 852
=591  \\$bNAL Reclamation
=593  \\$fAgricola CAT
=655  \3$aInternet resource.
=830  \0$aMiscellaneous publication (United States. Department of Agriculture) ;$vno. 852.
=856  41$uhttps://archive.org/details/scientificcareer852unit
=912  \\$analcatalog
=930  \\$a20140305$b00000000$c00000000
=945  \\$aDigiMet
=945  \\$p10
=946  \\$aUSDA
=959  \\$c2013-06-27$ejgilbert$glf
=994  \\$a92$bAGL

