=LDR  03707cam a2200649 i 4500
=001  9915457031207426
=005  20240620161501.0
=008  920704s1979\\\\dcua\\\\\\\\\f000\0\eng\\
=010  \\$a   79603262 
=016  7\$aCAT10564673$2DNAL
=019  \\$a1225693921
=035  \\$a555800
=035  \\$a(OCoLC)05086438$z(OCoLC)1225693921
=035  \\$a(DNAL)555800-naldb-Voyager
=035  \\$z(OCoLC)1225693921
=040  \\$aDLC$beng$cDLC$dUBA$dOCLCQ$dOCLCG$dOCLCO$dOCLCA$dOCLCF$dOCLCQ$dOCLCO$dCOF$dUCW$dAGL
=043  \\$an-us---
=049  \\$aAGLF
=050  00$aTX1$b.U5 no. 43
=070  \\$aTX603.D3 F&N$bE-3661
=072  \0$aQ110
=074  \\$a11-B
=086  0\$aA 1.87:43
=100  1\$aDavis, Carole A.
=245  10$aPractices used for home canning of fruits and vegetables /$c[by Carole A. Davis and Louise Page] ; prepared by Science and Education Administration.
=260  \\$a[Washington, D.C.] :$bU.S. Dept. of Agriculture :$b[For sale by the Supt. of Docs., U.S. Govt. Print. Off.],$c1979.
=300  \\$ai leaf, 69 pages :$billustrations ;$c26 cm.
=336  \\$atext$btxt$2rdacontent
=337  \\$aunmediated$bn$2rdamedia
=338  \\$avolume$bnc$2rdacarrier
=490  1\$aHome economics research report ;$vno. 43
=520  \\$aExtract: Because many people had questions and problems about canning fruits and vegetables, a nationwide survey was conducted to obtain a clear picture of the home canning situation. Data were collected on fruit and vegetable canning procedures and equipment used by households, their sources of instruction, and food spoilage observed. This information was based on practices followed in 1975, when one out of three households canned fruits, vegetables, or both. These products were canned in only 20 percent of the households in large metropolitan areas compared with 50 percent in rural areas. Tomatoes were the most popular item and were canned by three out of four households. Approximately one-fourth of the households reported some spoilage in their home-canned fruits and vegetables. Three out of four canners believed that it was due to lids that failed to seal properly. Although the survey did not determine the actual cause, information given by home canners indicated that some spoilage undoubtedly resulted from improper procedures. (author/wbf).
=591  \\$bNAL Reclamation
=593  \\$fAgricola CAT
=650  \0$aCanning and preserving.$0http://id.loc.gov/authorities/subjects/sh85019620
=650  \0$aFruit$xPreservation.$0http://id.loc.gov/authorities/subjects/sh85052135
=650  \0$aVegetables$xPreservation.$0http://id.loc.gov/authorities/subjects/sh85142502
=650  \3$acanning.
=650  \3$amethodology.
=650  \3$avegetables.
=650  \3$ahome food preservation.
=650  \3$afood spoilage.
=650  \3$anational surveys.
=650  \3$afruits.
=655  \3$aInternet resource.
=700  1\$aPage, Louise,$d1923-$eauthor.$0http://id.loc.gov/authorities/names/n79139335
=710  1\$aUnited States.$bScience and Education Administration.$0http://id.loc.gov/authorities/names/n79132176
=776  08$iOnline version:$aDavis, Carole A.$tPractices used for home canning of fruits and vegetables.$d[Washington, D.C.] : U.S. Dept. of Agriculture : [For sale by the Supt. of Docs., U.S. Govt. Print. Off.], 1979$w(OCoLC)679522114
=830  \0$aHome economics research report (United States. Department of Agriculture) ;$vno. 43.
=856  41$uhttps://archive.org/details/practicesusedfor43davi
=912  \\$analcatalog
=930  \\$a20140411$b20140502$c00000000
=945  \\$aFNC$dhcj$e81/08/26$fpl$g81/10/02
=945  \\$p80
=945  \\$aDigiMet
=946  \\$aUSDA
=994  \\$a92$bAGL

