=LDR  01182cam a2200373M  4500
=001  9915457092407426
=005  20240624193324.0
=008  800401s1958\\\\dcub\\\\\\\\\f000\0\eng\d
=016  7\$aCAT10250884$2DNAL
=035  \\$a190152
=035  \\$a(OCoLC)83144217
=035  \\$a(DNAL)190152-naldb-Voyager
=040  \\$aMH-SD$beng$cHLS$dOCLCO$dOCLCQ$dAGL
=049  \\$aAGLL
=070  \\$a1.96$bAd6Tp no. 135
=072  \0$a8500
=110  1\$aUnited States.$bSoil Conservation Service.$0http://id.loc.gov/authorities/names/n78085479
=245  10$aProgress in state legislation relating to the Watershed Protection and Flood Prevention Act, 1955-57.
=260  \\$aWashington,$bThe Service.$c1958.
=300  \\$a10 pages$bmaps
=336  \\$atext$btxt$2rdacontent
=337  \\$aunmediated$bn$2rdamedia
=338  \\$avolume$bnc$2rdacarrier
=591  \\$bNAL Reclamation
=593  \\$fAgricola CAT
=655  \3$aInternet resource.
=856  41$uhttps://archive.org/details/progressinstatel135sand
=912  \\$analcatalog
=930  \\$a20140703$b00000000$c00000000
=945  \\$aDigiMet
=945  \\$p16
=946  \\$aUSDA
=959  \\$c2014-07-03$earojas$gap
=994  \\$a92$bAGL

