=LDR  01257cam a2200397M  4500
=001  9915457130507426
=005  20240624193330.0
=008  800401s1965\\\\dcu\\\\\\\\\\\000\0\eng\d
=016  7\$aCAT10226238$2DNAL
=035  \\$a190692
=035  \\$a(OCoLC)1289145034
=035  \\$a(DNAL)190692-naldb-Voyager
=040  \\$aAGL$beng$cAGL
=049  \\$aAGLL
=070  \\$aA321.9$bAg8 no. 32
=072  \0$a4000
=110  1\$aUnited States.$bAgricultural Research Service.
=245  10$aPattern alteration; a guide for leaders in clothing programs.
=260  \\$a[Washington,$c1965]
=300  \\$aii, 38 p.$billus.$c27 cm.
=490  1\$aU.S. Dept. of Agriculture. Home Economics research report no. 32
=591  \\$bNAL Reclamation
=593  \\$fAgricola CAT
=650  \0$aDressmaking.
=655  \3$aInternet resource.
=700  1\$aSmith, Margaret,$d1902-
=830  \0$aHome economics research report (United States. Department of Agriculture) ;$vno. 32.
=856  41$uhttps://archive.org/details/patternalteratio32unit
=912  \\$analcatalog
=930  \\$a20140411$b20140502$c00000000
=939  \\$a20140127$b20140207$c00000000
=945  \\$aDigiMet
=945  \\$p46
=946  \\$aUSDA
=959  \\$c2014-01-27$edcollins$gap
=994  \\$a92$bAGL

