=LDR  01969cam a2200493 a 4500
=001  9915458243707426
=005  20240624194401.0
=008  800401s1967\\\\orua\\\\\b\\\f000\0\eng\d
=016  7\$aCAT10238914$2DNAL
=019  \\$a979738121$a1039863583$a1084385821$a1231887092
=035  \\$a191452
=035  \\$a(OCoLC)58996608$z(OCoLC)979738121$z(OCoLC)1039863583$z(OCoLC)1084385821$z(OCoLC)1231887092
=035  \\$a(DNAL)191452-naldb-Voyager
=035  \\$z(OCoLC)979738121$z(OCoLC)1039863583$z(OCoLC)1084385821$z(OCoLC)1231887092
=040  \\$aORE$beng$cORE$dOCL$dMTG$dXFF$dOCLCO$dOCLCQ$dAGM$dWURST$dOCLCQ$dAGL
=049  \\$aAGLL
=050  \0$aSD143$b.U51 no.70
=070  \\$aA99.9$bF7625U no. 70
=072  \0$a4500
=086  0\$aA 13.79:PNW-70
=100  1\$aCopes, Donald L.$0http://id.loc.gov/authorities/names/n82003822
=245  12$aA simple method for detecting incompatibility in 2-year-old grafts of Douglas-fir /$cby D.L. Copes.
=260  \\$aPortland, Or. :$bPacific Northwest Forest and Range Experiment Station, U.S. Dept. of Agriculture,$c[1967]
=300  \\$a8 pages :$billustrations (some color) ;$c28 cm
=336  \\$atext$btxt$2rdacontent
=337  \\$aunmediated$bn$2rdamedia
=338  \\$avolume$bnc$2rdacarrier
=490  1\$aU.S. Forest Service research note PNW ;$v70
=504  \\$aIncludes bibliographical references.
=591  \\$bNAL Reclamation
=593  \\$fAgricola CAT
=650  \0$aDouglas fir$xGrafting.
=650  \3$aPseudotsuga menziesii.
=655  \3$aInternet resource.
=710  2\$aPacific Northwest Forest and Range Experiment Station (Portland, Or.)$0http://id.loc.gov/authorities/names/n80126131
=830  \0$aU.S. Forest Service research note PNW ;$v70.
=856  41$uhttps://archive.org/details/simplemethodford70cope
=912  \\$analcatalog
=930  \\$a20140506$b00000000$c00000000
=945  \\$aDigiMet
=945  \\$p12
=946  \\$aUSDA
=959  \\$c2014-05-06$earojas$gap
=994  \\$a92$bAGL

