=LDR  01784cam a2200493Ia 4500
=001  9915458246107426
=005  20240624194356.0
=008  800401s1966\\\\paua\\\\\b\\\f000\0\eng\d
=016  7\$aCAT10226603$2DNAL
=035  \\$a191756
=035  \\$a(OCoLC)13716777
=035  \\$a(DNAL)191756-naldb-Voyager
=040  \\$aEZF$beng$cEZF$dMTG$dNUI$dOCLCQ$dOCLCA$dPHA$dOCLCF$dOCLCQ$dCOD$dOCLCA$dAGM$dOCLCA$dWURST$dAGL
=049  \\$aAGLL
=070  \\$aA99.9$bF7622U no. 44
=072  \0$a3500
=086  0\$aA 13.79:NE-44
=100  1\$aCampbell, Robert W.$c(Entomologist)$0http://id.loc.gov/authorities/names/n79133760
=245  10$aGypsy moth egg-mass density and subsequent defoliation /$c[Robert W. Campbell].
=260  \\$aUpper Darby, PA :$bU.S. Forest Service, Northeastern Forest Experiment Station,$c1966.
=300  \\$a6 pages :$billustrations ;$c25 cm.
=336  \\$atext$btxt$2rdacontent
=337  \\$aunmediated$bn$2rdamedia
=338  \\$avolume$bnc$2rdacarrier
=490  1\$aU.S. Forest Service research note ;$vNE-44
=504  \\$aIncludes bibliographical references.
=530  \\$aAlso available online.
=591  \\$bNAL Reclamation
=593  \\$fAgricola CAT
=650  \0$aLymantria dispar.$0http://id.loc.gov/authorities/subjects/sh85058119
=650  \3$adefoliation.
=650  \3$aLymantria dispar.
=655  \3$aInternet resource.
=710  2\$aNortheastern Forest Experiment Station (Radnor, Pa.)
=830  \0$aU.S. Forest Service research note NE ;$v44.
=856  41$uhttps://archive.org/details/gypsymotheggmass44camp
=912  \\$analcatalog
=930  \\$a20140116$b00000000$c00000000
=945  \\$aDigiMet
=945  \\$p12
=946  \\$aUSDA
=959  \\$c2014-01-15$essouder$gurl
=959  \\$c2014-01-16$earojas$gap
=994  \\$a92$bAGL

