=LDR  01196cam a2200361M  4500
=001  9915458338407426
=005  20240624194405.0
=008  800401s1965\\\\mnu\\\\\\\\\\\000\0\eng\d
=016  7\$aCAT10226670$2DNAL
=035  \\$a191951
=035  \\$a(OCoLC)1289104714
=035  \\$a(DNAL)191951-naldb-Voyager
=040  \\$aAGL$beng$cAGL
=049  \\$aAGLL
=070  \\$aA99.9$bF7624 no. 71
=072  \0$a4500
=100  1\$aConley, William T.
=245  14$aThe performance of eight seed sources of Ponderosa pine in the Denbigh Experimental Forest, North Dakota.
=260  \\$aSt. Paul, Minn.,$c1965.
=300  \\$a3 p.
=490  1\$aU.S. Forest Service. Lake States Forest Experiment Station. U.S. Forest Service research note LS-71
=591  \\$bNAL Reclamation
=593  \\$fAgricola CAT
=655  \3$aInternet resource.
=810  2\$aLake States Forest Experiment Station (Saint Paul, Minn.).$tU.S. Forest Service research note LS.$v71.
=856  41$uhttps://archive.org/details/performanceofeig71conl
=912  \\$analcatalog
=930  \\$a20140305$b00000000$c00000000
=945  \\$aDigiMet
=945  \\$p10
=946  \\$aUSDA
=959  \\$c2013-01-17$ejgilbert$glf
=994  \\$a92$bAGL

