=LDR  01977cam a2200505Ia 4500
=001  9915458344407426
=005  20240624194402.0
=008  890203s1971\\\\dcu\\\\\\s\\\f000\0\eng\d
=016  7\$aCAT10305634$2DNAL
=035  \\$a353971
=035  \\$a(OCoLC)03795891
=035  \\$a(DNAL)353971-naldb-Voyager
=040  \\$aAAA$beng$cAAA$dAGL$dOCL$dOCLCQ$dOCLCF$dOCLCO
=043  \\$ac------
=049  \\$aAGLX
=070  0\$aA281.9$bAg83 no. 264 1971
=072  \0$aE130
=245  00$aIndices of agricultural production for the Western Hemisphere excluding the United States and Cuba :$brevised 1961 through 1969, preliminary 1970 /$cWestern Hemisphere Branch, Foreign Regional Analysis Division, Economic Research Service.
=250  \\$aRev. Apr. 1971.
=260  \\$aWashington, D.C. :$bEconomic Research Service, U.S. Dept. of Agriculture,$c1971.
=300  \\$aii, 31 pages ;$c26 cm.
=336  \\$atext$btxt$2rdacontent
=337  \\$aunmediated$bn$2rdamedia
=338  \\$avolume$bnc$2rdacarrier
=490  1\$aERS-foreign ;$vno. 264
=591  \\$bNAL Reclamation
=593  \\$fAgricola CAT
=650  \0$aAgriculture$xEconomic aspects$zWestern Hemisphere$vStatistics.
=650  \0$aAgricultural productivity$zWestern Hemisphere$vStatistics.
=651  \7$aWestern Hemisphere.$2fast$0(OCoLC)fst01245897
=655  \3$aInternet resource.
=655  \7$aStatistics.$2fast$0(OCoLC)fst01423727
=710  1\$aUnited States.$bDepartment of Agriculture.$bEconomic Research Service.$bWestern Hemisphere Branch.$0http://id.loc.gov/authorities/names/n81084707
=830  \0$aERS-foreign ;$vno. 264.
=841  \\$ax$b8709220u    0   4   uu   1870922$ez
=852  \\$aDNAL$iA281.9 Ag83 no. 264 1971
=856  40$uhttps://archive.org/details/indicesofagricul264unit_0
=912  \\$analcatalog
=930  \\$a20140305$b20140404$c00000000
=945  \\$aXIU
=945  \\$p40
=945  \\$aDigiMet
=946  \\$aUSDA
=959  \\$c2013-04-02$essouder$gap
=994  \\$a92$bAGL

