=LDR  02223cam a2200541Ia 4500
=001  9915458350007426
=005  20240620133134.0
=008  800401s1965\\\\utua\\\\\b\\\f000\0\eng\d
=016  7\$aCAT10226492$2DNAL
=019  \\$a631103797
=035  \\$a191434
=035  \\$a(OCoLC)32189931$z(OCoLC)631103797
=035  \\$a(DNAL)191434-naldb-Voyager
=035  \\$z(OCoLC)631103797
=040  \\$aSDB$beng$cSDB$dMTG$dOCLCQ$dOCLCF$dOCLCQ$dSEA$dAGM$dAGL
=049  \\$aAGLL
=070  \\$aA99.9$bF764Un no. 39
=072  \0$a4500
=086  0\$aA 13.79:INT-39
=100  1\$aBeaufait, William R.
=245  10$aCharacteristics of backfires and headfires in a pine needle fuel bed /$cWilliam R. Beaufait.
=260  \\$aOgden, Utah :$bU.S. Dept. of Agriculture, Forest Service, Intermountain Forest & Range Experiment Station,$c1965.
=300  \\$a7 pages :$billustrations ;$c27 cm.
=336  \\$atext$btxt$2rdacontent
=337  \\$aunmediated$bn$2rdamedia
=338  \\$avolume$bnc$2rdacarrier
=490  1\$aU.S. Forest Service research note INT ;$v39
=504  \\$aIncludes bibliographical references.
=591  \\$bNAL Reclamation
=593  \\$fAgricola CAT
=650  \0$aPrescribed burning.$0http://id.loc.gov/authorities/subjects/sh85106431
=650  \0$aFires.$0http://id.loc.gov/authorities/subjects/sh85048572
=650  \3$aforest fires.
=650  \3$aconifer needles.
=650  \3$afuels.
=650  \3$afire behavior.
=655  \3$aInternet resource.
=710  2\$aIntermountain Forest and Range Experiment Station (Ogden, Utah)$0http://id.loc.gov/authorities/names/n79062786
=710  1\$aUnited States.$bForest Service.$0http://id.loc.gov/authorities/names/n79054932
=776  08$iOnline version:$aBeaufait, William R.$tCharacteristics of backfires and headfires in a pine needle fuel bed.$dOgden, Utah : U.S. Dept. of Agriculture, Forest Service, Intermountain Forest & Range Experiment Station, 1965$w(OCoLC)630424666
=830  \0$aU.S. Forest Service research note INT ;$v39.
=856  41$uhttps://archive.org/details/characteristicso39beau
=912  \\$analcatalog
=930  \\$a20140604$b00000000$c00000000
=945  \\$aDigiMet
=945  \\$p12
=946  \\$aUSDA
=994  \\$a92$bAGL

