=LDR  01338cam a2200433M  4500
=001  9915458370607426
=005  20240624194358.0
=008  800401s1952\\\\dcu\\\\\\\\\\\000\0\eng\d
=016  7\$aCAT10251471$2DNAL
=035  \\$a191864
=035  \\$a(OCoLC)1289114164
=035  \\$a(DNAL)191864-naldb-Voyager
=040  \\$aAGL$beng$cAGL
=049  \\$aAGLL
=070  \\$a1.96$bAd6Tp no. 96 1952
=072  \0$a8500
=100  1\$aBlaney, Harry French,$d1892-1976.
=245  10$aDetermining water requirements in irrigated areas from climatological and irrigation data.
=250  \\$aSlightly rev. Feb. 1952.
=260  \\$aWashington,$c1952.
=300  \\$a48 p.$billus.
=490  1\$aU.S. Soil Conservation Service. SCS-TP-96
=504  \\$aBibliography: p. 32-33.
=591  \\$bNAL Reclamation
=593  \\$fAgricola CAT
=650  \0$aIrrigation farming$xClimatic factors$zWest (U.S.).
=655  \3$aInternet resource.
=830  00$aSCS-TP ;$v96.
=856  41$uhttps://archive.org/details/determiningwater96blan
=912  \\$analcatalog
=930  \\$a20140702$b20140807$c00000000
=939  \\$a20130820$b20130906$c00000000
=939  \\$a20130117$b20130201$c00000000
=945  \\$aDigiMet
=945  \\$p58
=946  \\$aUSDA
=959  \\$c2013-01-17$edcollins$gaccadd
=959  \\$c2013-08-20$earojas$gap
=994  \\$a92$bAGL

