=LDR  02101cam a2200481Ia 4500
=001  9915458397307426
=005  20240620133145.0
=008  800401s1968\\\\utu\\\\\\b\\\f000\0\eng\d
=016  7\$aCAT10251177$2DNAL
=035  \\$a191006
=035  \\$a(OCoLC)631766061
=035  \\$a(DNAL)191006-naldb-Voyager
=040  \\$aMTG$beng$cMTG$dY4Z$dNUI$dOCLCF$dSEA$dOCLCQ$dAGM$dAGL
=049  \\$aAGLL
=070  \\$aA99.9$bF764Un no. 79
=072  \0$a4500
=086  0\$aA 13.79:INT-79
=100  1\$aWagar, J. Alan.$0http://id.loc.gov/authorities/names/n88077391
=245  10$aComputer programs for weighting length-of-stay and other visitor characteristics /$cJ. Alan Wagar and Joel F. Thalheimer.
=260  \\$aOgden, Utah :$bIntermountain Forest and Range Experiment Station, Forest Service, United States Department of Agriculture,$c1968.
=300  \\$a12 pages ;$c27 cm.
=336  \\$atext$btxt$2rdacontent
=337  \\$aunmediated$bn$2rdamedia
=338  \\$avolume$bnc$2rdacarrier
=490  1\$aU.S.D.A. Forest Service research note ;$vINT-79
=504  \\$aIncludes bibliographical references.
=591  \\$bNAL Reclamation
=593  \\$fAgricola CAT
=650  \0$aRecreation areas$xPublic use$xComputer programs.
=650  \3$acomputer analysis.
=655  \3$aInternet resource.
=700  1\$aThalheimer, Joel F.
=710  1\$aUnited States.$bForest Service.$0http://id.loc.gov/authorities/names/n79054932
=710  2\$aIntermountain Forest and Range Experiment Station (Ogden, Utah)$0http://id.loc.gov/authorities/names/n79062786
=776  08$iOnline version:$aWagar, J. Alan.$tComputer programs for weighting length-of-stay and other visitor characteristics.$dOgden, Utah : Intermountain Forest and Range Experiment Station, Forest Service, United States Department of Agriculture, 1968$w(OCoLC)624317589
=830  \0$aUSDA Forest Service research note INT ;$v79.
=856  41$uhttps://archive.org/details/computerprograms79waga
=912  \\$analcatalog
=930  \\$a20140604$b00000000$c00000000
=945  \\$aDigiMet
=945  \\$p16
=946  \\$aUSDA
=994  \\$a92$bAGL

