=LDR  02179cam a2200565Ia 4500
=001  9915458418007426
=005  20240624194404.0
=008  800401s1967\\\\dcuab\\\\b\\\f000\0\eng\d
=016  7\$aCAT10238965$2DNAL
=035  \\$a191599
=035  \\$a(OCoLC)10668095
=035  \\$a(DNAL)191599-naldb-Voyager
=040  \\$aAEW$beng$cAEW$dOCLCQ$dOCLCF$dOCLCQ$dOCLCO$dAGL$dOCLCO$dCOF$dOCLCA$dUBY$dAGL
=043  \\$an-us---
=049  \\$aAGLL
=050  \0$aTD396.U6$bD46
=070  0\$aA56.9$bR31 no. 137
=072  \0$a8500
=086  0\$aA 77.15:ARS-41-137
=100  1\$aDendy, F. E.$q(Farris E.)$0http://id.loc.gov/authorities/names/no2008135697
=245  10$aSediment deposition in reservoirs in the United States /$cby [F.E. Dendy, J.A. Spraberry, and W.A. Champion].
=260  \\$a[Washington, D.C.] :$bAgricultural Research Service, U.S. Dept. of Agriculture,$c[1967]
=300  \\$a10 pages :$billustrations, map ;$c28 cm.
=336  \\$atext$btxt$2rdacontent
=337  \\$aunmediated$bn$2rdamedia
=338  \\$avolume$bnc$2rdacarrier
=490  1\$aARS ;$v41-137
=504  \\$aIncludes bibliographical references (page 10).
=530  \\$aAlso available on the Internet.
=591  \\$bNAL Reclamation
=593  \\$fAgricola CAT
=650  \0$aSedimentation and deposition$zUnited States.
=650  \0$aReservoir sedimentation$zUnited States.
=651  \7$aUnited States.$2fast$0(OCoLC)fst01204155
=655  \3$aInternet resource.
=700  1\$aSpraberry, James A.,$d1910-$0http://id.loc.gov/authorities/names/no2013125339
=700  1\$aChampion, W. A.,$d1937-2005.$0http://id.loc.gov/authorities/names/no2018137219
=710  1\$aUnited States.$bAgricultural Research Service.
=830  \0$aARS (Series) (United States. Agricultural Research Service) ;$v41-137.
=856  41$uhttps://archive.org/details/sedimentdepositi13dend/mode/2up
=912  \\$analcatalog
=930  \\$a20201014$b00000000$c00000000
=939  \\$a20160210$b20160304$c00000000
=945  \\$aDigiMet
=945  \\$p18
=946  \\$aUSDA
=958  \\$be$c2016-02-08$dn$edfriedma
=959  \\$c2016-02-10$earojas$gap
=959  \\$c2020-10-14$ecbarone$gother
=994  \\$a92$bAGL

