=LDR  02115cam a2200517Ia 4500
=001  9915458424507426
=005  20240620133135.0
=008  800401s1967\\\\utua\\\\\b\\\f000\0\eng\d
=016  7\$aCAT10239095$2DNAL
=019  \\$a1039829305$a1231764106
=035  \\$a191980
=035  \\$a(OCoLC)32180122$z(OCoLC)1039829305$z(OCoLC)1231764106
=035  \\$a(DNAL)191980-naldb-Voyager
=035  \\$z(OCoLC)1039829305$z(OCoLC)1231764106
=040  \\$aSDB$beng$cSDB$dNUI$dOCLCQ$dOCLCF$dOCLCQ$dSEA$dAGM$dSTF$dAGL
=049  \\$aAGLL
=070  \\$aA99.9$bF764Un no. 68
=072  \0$a4500
=086  0\$aA 13.79:INT-68
=245  00$aDocumentation of lightning discharges and resultant forest fires /$cD.M. Fuquay [and others].
=260  \\$aOgden, Utah :$bU.S. Dept. of Agriculture, Forest Service, Intermountain Forest & Range Experiment Station,$c1967.
=300  \\$a7 pages :$billustrations ;$c27 cm.
=336  \\$atext$btxt$2rdacontent
=337  \\$aunmediated$bn$2rdamedia
=338  \\$avolume$bnc$2rdacarrier
=490  1\$aU.S. Forest Service research note INT ;$v68
=504  \\$aIncludes bibliographical references.
=591  \\$bNAL Reclamation
=593  \\$fAgricola CAT
=650  \0$aForest fires.$0http://id.loc.gov/authorities/subjects/sh85050582
=650  \0$aLightning$vObservations.
=650  \3$alightning.
=650  \3$aforest fires.
=655  \3$aInternet resource.
=655  \7$aObservations.$2fast$0(OCoLC)fst01423822
=700  1\$aFuquay, Donald M.
=710  2\$aIntermountain Forest and Range Experiment Station (Ogden, Utah)$0http://id.loc.gov/authorities/names/n79062786
=776  08$iOnline version:$tDocumentation of lightning discharges and resultant forest fires.$dOgden, Utah : U.S. Dept. of Agriculture, Forest Service, Intermountain Forest & Range Experiment Station, 1967$w(OCoLC)630471453
=830  \0$aU.S. Forest Service research note INT ;$v68.
=856  41$uhttps://archive.org/details/documentationofl68fuqu
=912  \\$analcatalog
=930  \\$a20140604$b00000000$c00000000
=945  \\$aDigiMet
=945  \\$p12
=946  \\$aUSDA
=994  \\$a92$bAGL

