=LDR  01721cam a2200493Ma 4500
=001  9915458505207426
=005  20240624194403.0
=008  800401s1965\\\\ohu\\\\\\\\\\f000\0\eng\d
=016  7\$aCAT10226654$2DNAL
=035  \\$a191904
=035  \\$a(OCoLC)62694605
=035  \\$a(DNAL)191904-naldb-Voyager
=040  \\$aMNU$beng$cMNU$dMTG$dOCLCO$dOCLCQ$dCOD$dOCLCF$dOCLCA$dAGM$dAGL
=049  \\$aAGLL
=050  \0$aSD11$b.F7629 no.41
=070  \\$aA99.9$bF7629 no. 41
=072  \0$a4500
=086  0\$aA 13.79:CS-41
=100  1\$aCole, Alex B.
=245  10$aHardwood log grading at circular sawmills /$c[Alex B. Cole].
=260  \\$aColumbus, Ohio. :$bCentral States Forest Experiment Station,$c1965.
=300  \\$a4 pages ;$c23 cm.
=336  \\$atext$btxt$2rdacontent
=337  \\$aunmediated$bn$2rdamedia
=338  \\$avolume$bnc$2rdacarrier
=490  1\$aResearch note CS ;$v41
=591  \\$bNAL Reclamation
=593  \\$fAgricola CAT
=650  \0$aTimber$xGrading.$0http://id.loc.gov/authorities/subjects/sh85135387
=650  \0$aSawmills.$0http://id.loc.gov/authorities/subjects/sh85117790
=655  \3$aInternet resource.
=710  1\$aUnited States.$bDepartment of Agriculture.
=710  2\$aCentral States Forest Experiment Station (Columbus, Ohio)$0http://id.loc.gov/authorities/names/n50082298
=830  \0$aU.S. Forest Service research note CS ;$v41.
=856  41$uhttps://archive.org/details/hardwoodloggradi41cole
=912  \\$analcatalog
=930  \\$a20140305$b20140404$c00000000
=939  \\$a20130104$b20130201$c00000000
=945  \\$aDigiMet
=945  \\$p10
=946  \\$aUSDA
=959  \\$c2011-10-14$essouder$gde
=959  \\$c2013-01-04$ejgilbert$glf
=994  \\$a92$bAGL

