=LDR  02735cam a2200661   4500
=001  9915458509007426
=005  20240624194400.0
=008  800401s1967\\\\dcua\\\\\b\\\f000\1\eng\c
=010  \\$aagr68000057 
=016  7\$aCAT10238975$2DNAL
=035  \\$a191628
=035  \\$a(OCoLC)00035355
=035  \\$a(DNAL)191628-naldb-Voyager
=040  \\$aU.S. Nat'l Agr. Libr.$beng$cDLC$dIUL$dOCLCQ$dBTCTA$dOCLCG$dUUS$dOCLCO$dNUI$dOCLCA$dOCLCQ$dOCLCF$dOKS$dOCLCA$dYBM$dAGL
=043  \\$an-us-co$an-us-nb
=049  \\$aAGLL
=050  10$aS900.U5 no. 134
=070  0\$aA56.9$bR31 no. 134
=072  \0$a8000
=086  0\$aA 77.15:41-134
=245  00$aDistribution of nitrates and other water pollutants under fields and corrals in the middle South Platte Valley of Colorado /$cby B.A. Stewart and others.
=260  \\$aWashington]$bAgricultural Research Service, U.S. Dept. of Agriculture,$c1967.
=300  \\$av, 206 pages$billustrations$c26 cm.
=336  \\$atext$btxt$2rdacontent
=337  \\$aunmediated$bn$2rdamedia
=338  \\$avolume$bnc$2rdacarrier
=490  1\$a[United States. Agricultural Research Service] ARS$v41-134
=504  \\$aIncludes bibliographical references (pages 205-206).
=530  \\$aAlso available online.
=591  \\$bNAL Reclamation
=593  \\$fAgricola CAT
=650  \0$aNitrates.
=650  \0$aWater$xPollution$zSouth Platte River Valley (Colo. and Neb.).
=650  \3$anitrates.
=650  \3$aWater, Underground$zSouth Platte Valley.
=650  \3$awater$xPollution.
=651  \7$aUnited States$zSouth Platte River Valley.$2fast$0(OCoLC)fst01311374
=655  \3$aInternet resource.
=700  1\$aStewart, B. A.$q(Bobby Alton),$d1932-$0http://id.loc.gov/authorities/names/n85146944
=700  1\$aViets, Frank G.$q(Frank Garfield),$d1916-$eauthor.$0http://id.loc.gov/authorities/names/no99028067
=700  1\$aHutchinson, G. L.,$eauthor.
=700  1\$aKemper, William Doral,$d1928-$eauthor.$0http://id.loc.gov/authorities/names/n80014367
=700  1\$aClark, F. E.$q(Francis Eugene),$d1910-$eauthor.$0http://id.loc.gov/authorities/names/n82058738
=700  1\$aFairbourn, M. L.,$eauthor.
=700  1\$aStrauch, F.,$eauthor.
=710  1\$aUnited States.$bAgricultural Research Service.
=830  \0$aARS (Series) (United States. Agricultural Research Service) ;$v41-134.
=856  41$uhttps://archive.org/details/distributionofni13stew
=912  \\$analcatalog
=930  \\$a20201014$b00000000$c00000000
=938  \\$aBaker and Taylor$bBTCP$nagr68000057
=939  \\$a20131022$b20131101$c00000000
=945  \\$aDigiMet
=945  \\$p222
=946  \\$aUSDA
=959  \\$c2013-10-22$essouder$gurl
=959  \\$c2020-10-14$ecbarone$gother
=994  \\$a92$bAGL

