=LDR  01919cam a2200541Ia 4500
=001  9915458519007426
=005  20240624194357.0
=008  800401s1967\\\\pau\\\\\\b\\\f000\0\eng\d
=016  7\$aCAT10239082$2DNAL
=035  \\$a191941
=035  \\$a(OCoLC)44919632
=035  \\$a(DNAL)191941-naldb-Voyager
=040  \\$aZ@7$beng$cZ@7$dOCLCQ$dJFI$dMTG$dOCLCA$dPHA$dOCLCF$dOCLCQ$dCOD$dOCLCA$dAGM$dOCLCA$dWURST$dAGL
=049  \\$aAGLL
=050  \0$aSD11$b.A4550 NE-60
=070  \\$aA99.9$bF7622U no. 60
=072  \0$a4500
=086  0\$aA 13.79:NE-60
=100  1\$aFrayer, Warren E.
=245  12$aA systematic bias in the interpretation of CFI results /$c[Warren E. Frayer].
=246  30$aSystematic bias in the interpretation of continuous forest inventory results
=260  \\$aUpper Darby, Pa. :$bNortheastern Forest Experiment Station, Forest Service, U.S. Dept. of Agriculture,$c1967.
=300  \\$a4 pages ;$c25 cm.
=336  \\$atext$btxt$2rdacontent
=337  \\$aunmediated$bn$2rdamedia
=338  \\$avolume$bnc$2rdacarrier
=490  1\$aU.S. Forest Service research note NE ;$v60
=504  \\$aIncludes bibliographical references (page 4).
=530  \\$aAlso available online.
=591  \\$bNAL Reclamation
=593  \\$fAgricola CAT
=650  \0$aForest surveys$xMathematical models.
=650  \0$aForest management$xMathematical models.
=650  \3$asystems analysis.
=650  \3$aforest inventory.
=650  \3$adata analysis.
=655  \3$aInternet resource.
=710  2\$aNortheastern Forest Experiment Station (Radnor, Pa.)
=830  \0$aU.S. Forest Service research note NE ;$v60.
=856  41$uhttps://archive.org/details/systematicbiasin60fray
=912  \\$analcatalog
=930  \\$a20140116$b00000000$c00000000
=945  \\$aDigiMet
=945  \\$p8
=946  \\$aUSDA
=959  \\$c2014-01-15$essouder$gurl
=959  \\$c2014-01-16$earojas$gap
=994  \\$a92$bAGL

