=LDR  01908cam a2200529 a 4500
=001  9915458533007426
=005  20240624194400.0
=008  800401s1966\\\\dcua\\\\\\\\\f000\0\eng\d
=016  7\$aCAT10226558$2DNAL
=019  \\$a15230479
=035  \\$a191623
=035  \\$a(OCoLC)825111746$z(OCoLC)15230479
=035  \\$a(DNAL)191623-naldb-Voyager
=035  \\$z(OCoLC)15230479
=040  \\$aMUU$beng$cMUU$dMIZ$dOCLCF$dOCLCO$dOCLCQ$dAGL$dOCLCQ
=049  \\$aAGLL
=050  \0$aTC530$b.B7
=070  0\$aA56.9$bR31 no. 113
=072  \0$a8500
=086  0\$aA 77.15:ARS-41-113
=100  1\$aBrakensiek, D. L.$q(Donald L.),$d1928-$0http://id.loc.gov/authorities/names/n79089110
=245  10$aNumerical techniques for small watershed flood routing /$c[D.L. Brakensiek, A.L. Heath, and G.H. Comer.
=260  \\$aWashington, D.C.] :$bU.S. Dept. of Agriculture,$c1966.
=300  \\$a41 pages :$billustrations ;$c26 cm
=336  \\$atext$btxt$2rdacontent
=337  \\$aunmediated$bn$2rdamedia
=338  \\$avolume$bnc$2rdacarrier
=490  1\$aARS ;$v41-113
=530  \\$aAlso available online.
=591  \\$bNAL Reclamation
=593  \\$fAgricola CAT
=650  \0$aFlood routing$xMathematical models.
=655  \3$aInternet resource.
=700  1\$aHeath, A. L.,$eauthor.
=700  1\$aComer, G. H.,$eauthor.
=710  1\$aUnited States.$bAgricultural Research Service.$bSoil and Water Conservation Research Division.$0http://id.loc.gov/authorities/names/n83008026
=830  \0$aARS (Series) (United States. Agricultural Research Service) ;$v41-113.
=856  41$uhttps://archive.org/details/numericaltechniq11brak
=912  \\$analcatalog
=930  \\$a20201014$b00000000$c00000000
=939  \\$a20131022$b20131101$c00000000
=945  \\$aDigiMet
=945  \\$p48
=946  \\$aUSDA
=959  \\$c2013-10-22$essouder$gurl
=959  \\$c2020-10-14$ecbarone$gother
=994  \\$a92$bAGL

