=LDR  03125cas a2201141 a 4500
=001  9915459350607426
=005  20240620134400.0
=008  950807u1954uuuudcufr\p\\\\\\f0\\\\0eng\\
=010  \\$asn 95015349 
=012  \\$i9508
=016  7\$aCAT10700693$2DNAL
=035  \\$a765052
=035  \\$a(OCoLC)32932417
=035  \\$a(DNAL)765052-naldb-Voyager
=040  \\$aAGL$beng$cAGL$dOCLCQ$dOCLCO$dOCLCF$dOCLCQ$dAGL
=042  \\$apcc
=043  \\$an-us---
=049  \\$aAGLL
=050  10$aGB701$b.U55
=070  0\$aaGB701.U55
=072  \0$aP200
=072  \0$aK001
=110  1\$aUnited States.$bForest Service.$bDivision of Watershed Management Research.$0http://id.loc.gov/authorities/names/no95040293
=245  10$aSemiannual report /$cDivision of Watershed Management Research, U.S. Department of Agriculture, Forest Service.
=260  \\$a[Washington?] :$bThe Division,$c[1954-
=300  \\$avolumes ;$c28 cm
=310  \\$aSemiannual
=336  \\$atext$btxt$2rdacontent
=337  \\$aunmediated$bn$2rdamedia
=338  \\$avolume$bnc$2rdacarrier
=362  0\$aOct. 1953/Mar. 1954-
=588  \\$aLatest issue consulted: Apr.-Sept. 1963.
=591  \\$bNAL Reclamation
=593  \\$fAgricola CAT
=650  \0$aWatersheds$xResearch$zUnited States$vPeriodicals.
=650  \0$aWatershed management$xResearch$zUnited States$vPeriodicals.
=650  \0$aForest influences$xResearch$zUnited States$vPeriodicals.
=650  \0$aForest hydrology$xResearch$zUnited States$vPeriodicals.
=651  \7$aUnited States.$2fast$0(OCoLC)fst01204155
=655  \3$aInternet resource.
=655  \7$aPeriodicals.$2fast$0(OCoLC)fst01411641
=780  00$aUnited States. Forest Service. Division of Forest Influences.$tQuarterly report$w(DLC)sn 95015348$w(OCoLC)32932532
=850  \\$aDNAL
=856  41$uhttps://archive.org/details/usda-reportforestinfluences
=912  \\$analcatalog
=930  \\$a20140812$b20140905$c00000000
=939  \\$a19950905$b19950912$c00000000
=945  \\$dMDE$e95/08/08$fCM$g95/08/10
=945  \\$vpt. 1
=945  \\$p94
=945  \\$aDigiMet
=945  \\$vpt. 2
=945  \\$p132
=945  \\$aDigiMet
=945  \\$vpt. 3
=945  \\$p110
=945  \\$aDigiMet
=945  \\$vpt. 4
=945  \\$p118
=945  \\$aDigiMet
=945  \\$vpt. 5
=945  \\$p130
=945  \\$aDigiMet
=945  \\$vpt. 6
=945  \\$p126
=945  \\$aDigiMet
=945  \\$vpt. 7
=945  \\$p134
=945  \\$aDigiMet
=945  \\$vpt. 8
=945  \\$p164
=945  \\$aDigiMet
=945  \\$vpt. 9
=945  \\$p158
=945  \\$aDigiMet
=945  \\$vpt. 10
=945  \\$p158
=945  \\$aDigiMet
=945  \\$vpt. 11
=945  \\$p176
=945  \\$aDigiMet
=945  \\$vpt. 12
=945  \\$p128
=945  \\$aDigiMet
=945  \\$vpt. 13
=945  \\$p146
=945  \\$aDigiMet
=945  \\$vpt. 14
=945  \\$p146
=945  \\$aDigiMet
=945  \\$vpt. 15
=945  \\$p126
=945  \\$aDigiMet
=945  \\$vpt. 16
=945  \\$p124
=945  \\$aDigiMet
=946  \\$aUSDA
=994  \\$a92$bAGL

