=LDR  02462cas a2200721 a 4500
=001  9915459421407426
=005  20240620134403.0
=008  950807d195u1953dcuqr\p\\\\\\f0\\\\0eng\\
=010  \\$asn 95015348 
=012  \\$i9508
=016  7\$aCAT10700797$2DNAL
=035  \\$a765059
=035  \\$a(OCoLC)32932532
=035  \\$a(DNAL)765059-naldb-Voyager
=040  \\$aAGL$beng$cAGL$dOCLCQ$dOCLCO$dOCLCF$dOCLCQ$dAGL
=042  \\$apcc
=043  \\$an-us---
=049  \\$aAGLL
=050  10$aGB701$b.U55
=070  0\$aaGB701.U55
=072  \0$aP200
=072  \0$aK001
=110  1\$aUnited States.$bForest Service.$bDivision of Forest Influences.$0http://id.loc.gov/authorities/names/no95040291
=245  10$aQuarterly report /$cDivision of Forest Influences, U.S. Department of Agriculture, Forest Service.
=260  \\$a[Washington, D.C.?] :$bThe Division,$c-1953.
=300  \\$avolumes ;$c28 cm
=310  \\$aQuarterly
=336  \\$atext$btxt$2rdacontent
=337  \\$aunmediated$bn$2rdamedia
=338  \\$avolume$bnc$2rdacarrier
=362  0\$a-July/Sept. 1953.
=515  \\$aJuly-Sept. 1953 report covers the period Apr.-Sept. 1953.
=588  \\$aDescription based on: Jan.-Mar. 1951; title from cover.
=591  \\$bNAL Reclamation
=593  \\$fAgricola CAT
=650  \0$aForest hydrology$xResearch$zUnited States$vPeriodicals.
=650  \0$aFlood control$xResearch$zUnited States$vPeriodicals.
=650  \0$aForest influences$xResearch$zUnited States$vPeriodicals.
=651  \7$aUnited States.$2fast$0(OCoLC)fst01204155
=655  \3$aInternet resource.
=655  \7$aPeriodicals.$2fast$0(OCoLC)fst01411641
=780  00$aUnited States. Forest Service. Division of Forest Influences.$tBimonthly report$w(DLC)sn 95015347$w(OCoLC)32932667
=785  00$aUnited States. Forest Service. Division of Watershed Management Research.$tSemiannual report$w(DLC)sn 95015349$w(OCoLC)32932417
=850  \\$aDNAL
=856  41$uhttps://archive.org/details/usda-reportforestinfluences
=912  \\$analcatalog
=930  \\$a20180507$b20180601$c00000000
=939  \\$a19950905$b19950912$c00000000
=945  \\$dMDE$e95/08/08$fCM$g95/08/10
=945  \\$vpt. 1
=945  \\$p88
=945  \\$aDigiMet
=945  \\$vpt. 2
=945  \\$p96
=945  \\$aDigiMet
=945  \\$vpt. 3
=945  \\$p110
=945  \\$aDigiMet
=945  \\$vpt. 4
=945  \\$p118
=945  \\$aDigiMet
=946  \\$aUSDA
=994  \\$a92$bAGL

