=LDR  01587cam a22004571  4500
=001  9915459536007426
=005  20240620135653.0
=008  920621s1911\\\\nyuac\\\\\\\\\000\0\eng\\
=010  \\$a   12004213 
=016  7\$aCAT10518673$2DNAL
=035  \\$a417033
=035  \\$a(OCoLC)18842113
=035  \\$a(DNAL)417033-naldb-Voyager
=040  \\$aDLC$beng$cDLC$dAGL$dRQI$dOCLCE$dKRTAS$dOCLCF$dYTJ$dOCLCQ$dOCLCO$dOCLCQ
=042  \\$apremarc
=049  \\$aRQIA
=050  00$aSF487$b.T7
=070  0\$a47$bT66
=072  \0$aL100
=100  1\$aTownsend, Charles F.
=245  10$aPoultry secrets revealed,$cCharles F. Townsend.
=260  \\$aBuffalo, N.Y.,$bNational poultry magazine,$c1911.
=300  \\$a87 pages$bincluding illustrations, portrait$c19 cm
=336  \\$atext$btxt$2rdacontent
=337  \\$aunmediated$bn$2rdamedia
=338  \\$avolume$bnc$2rdacarrier
=530  \\$aAlso available in digital form on the Internet Archive Web site.
=591  \\$bNAL Reclamation
=593  \\$fAgricola CAT
=650  \0$aPoultry.$0http://id.loc.gov/authorities/subjects/sh85105892
=655  \3$aInternet resource.
=776  08$iOnline version:$aTownsend, Charles F.$tPoultry secrets revealed.$dBuffalo, N.Y., National poultry magazine, 1911$w(OCoLC)441941346
=856  41$uhttps://archive.org/details/poultrysecretsre00town_0
=912  \\$analcatalog
=930  \\$a20160525$b20160603$c00000000
=938  \\$aKirtas Technologies, Inc.$bKRTS$n308664
=939  \\$a20140702$b20140807$c00000000
=945  \\$aDigiMet
=945  \\$p96
=946  \\$aOther US
=994  \\$a92$bAGL

