=LDR  02359cam a2200589Ia 4500
=001  9915459673907426
=005  20240624195534.0
=008  920619s1916\\\\dcu\\\\\\\\\\f001\0\eng\d
=010  \\$a   57055783 
=016  7\$aCAT10502766$2DNAL
=019  \\$a80618260
=035  \\$a417846
=035  \\$a(OCoLC)01477399$z(OCoLC)80618260
=035  \\$a(DNAL)417846-naldb-Voyager
=035  \\$z(OCoLC)80618260
=040  \\$aUDI$beng$cUDI$dOCLCQ$dAGL$dORE$dMTG$dEYM$dWIH$dOCLCQ$dOCLCA$dOCLCF$dOCLCQ$dOCLCO$dAGL
=043  \\$an-us---
=049  \\$aAGLL
=050  00$aKF5631$b.A82 1916
=050  10$aSD565$b.A5 1916
=070  0\$a1$bSo456
=086  0\$aA 33.2:L 44/4/916
=110  1\$aUnited States.$bDepartment of Agriculture.$bOffice of the Solicitor.$0http://id.loc.gov/authorities/names/n85198699
=245  10$aLaws, decisions, and opinions applicable to the national forests /$crevised and compiled by R.F. Feagans, under the direction of the Solicitor.
=260  \\$aWashington :$bG.P.O.,$c1916.
=300  \\$a151 pages ;$c25 cm
=336  \\$atext$btxt$2rdacontent
=337  \\$aunmediated$bn$2rdamedia
=338  \\$avolume$bnc$2rdacarrier
=530  \\$aAlso issued online.
=591  \\$bNAL Reclamation
=593  \\$fAgricola CAT
=650  \0$aForest reserves$zUnited States.
=650  \0$aForestry law and legislation$zUnited States.
=650  \0$aForest policy$zUnited States.
=651  \7$aUnited States.$2fast$0(OCoLC)fst01204155
=655  \3$aInternet resource.
=700  1\$aFeagans, Ray Frank.
=710  1\$aUnited States.$tLaws, etc.
=776  08$iOnline version:$aUnited States. Department of Agriculture. Office of the General Counsel.$tLaws, decisions, and opinions applicable to the national forests.$dWashington [D.C.] : U.S. Dept. of Agriculture, Office of the Solicitor, 1916$w(OCoLC)596862489
=856  41$3Google$uhttp://books.google.com/books?id=bKFOAAAAMAAJ&printsec=titlepage
=856  41$uhttp://archive.org/details/lawsdecisionsopi00unit$yAvailable in the NAL Digital Collections
=912  \\$analcatalog
=930  \\$a20210323$b00000000$c00000000
=939  \\$a20130906$b20131018$c00000000
=945  \\$aDigiMet
=945  \\$p168
=946  \\$aOther US
=959  \\$c2013-09-06$essouder$gurl
=959  \\$c2013-04-02$essouder$gap
=959  \\$c2021-03-23$ecsussman$gupgrade
=994  \\$a92$bAGL

