=LDR  01460cam a2200397I  4500
=001  9915459700107426
=005  20240620135458.0
=008  920621s1913\\\\ohua\\\\\\\\\\000\0\eng\d
=010  \\$aagr13001952 
=016  7\$aCAT10518675$2DNAL
=035  \\$a417035
=035  \\$a(OCoLC)18842141
=035  \\$a(DNAL)417035-naldb-Voyager
=040  \\$aRQI$beng$cRQI$dOCLCQ$dAGL$dOCLCQ$dOCLCF$dOCLCQ$dOCLCO
=049  \\$aRQIA
=070  0\$a47$bT67P
=072  \0$aL100
=100  1\$aTrafford, Henry.
=245  10$aPoultry common sense.$bA compendium of useful receipts, formulas and suggestions for poultry raisers, including monthly pen, egg and hatching records for one year.$cBy Henry Trafford, editor Poultry success.
=260  \\$aSpringfield, O.,$bA.D. Hosterman Co.,$c1913.
=300  \\$a39, [24] pages$billustrations$c21 cm
=336  \\$atext$btxt$2rdacontent
=337  \\$aunmediated$bn$2rdamedia
=338  \\$avolume$bnc$2rdacarrier
=591  \\$bNAL Reclamation
=593  \\$fAgricola CAT
=650  \0$aPoultry.$0http://id.loc.gov/authorities/subjects/sh85105892
=655  \3$aInternet resource.
=776  08$iOnline version:$aTrafford, Henry.$tPoultry common sense.$dSpringfield, O., A.D. Hosterman Co., 1913$w(OCoLC)784089681
=856  41$uhttps://archive.org/details/poultrycommonsen00traf
=912  \\$analcatalog
=930  \\$a20140702$b20140807$c00000000
=945  \\$aDigiMet
=945  \\$p55
=946  \\$aOther US
=994  \\$a92$bAGL

