=LDR  01569cam a2200445I  4500
=001  9915459706807426
=005  20240620135448.0
=008  920621s1911\\\\ohua\\\\\\\\\\000\0\eng\\
=010  \\$a   11022844 
=016  7\$aCAT10518674$2DNAL
=035  \\$a417034
=035  \\$a(OCoLC)18842133
=035  \\$a(DNAL)417034-naldb-Voyager
=040  \\$aDLC$beng$cRQI$dOCLCQ$dAGL$dOCLCF$dOCLCQ$dOCLCO
=049  \\$aRQIA
=050  \0$aSF486$b.T8
=070  0\$a47$bT67
=072  \0$aN100
=072  \0$aN200
=100  1\$aTrafford, Henry,$eeditor.
=245  10$aUp-to-date poultry houses and appliances,$ced. and comp. by Henry Trafford ... Drawings by C.F. Trafford.
=260  \\$aSpringfield, O.,$bA.D. Hosterman Co.$c[©1911]
=300  \\$a112 pages$billustrations$c21 cm
=336  \\$atext$btxt$2rdacontent
=337  \\$aunmediated$bn$2rdamedia
=338  \\$avolume$bnc$2rdacarrier
=591  \\$bNAL Reclamation
=593  \\$fAgricola CAT
=650  \0$aPoultry$xHousing.$0http://id.loc.gov/authorities/subjects/sh85105901
=650  \0$aFarm buildings.$0http://id.loc.gov/authorities/subjects/sh85047200
=650  \0$aPoultry$xEquipment and supplies.
=655  \3$aInternet resource.
=776  08$iOnline version:$aTrafford, Henry.$tUp-to-date poultry houses and appliances.$dSpringfield, O., A.D. Hosterman Co. [©1911]$w(OCoLC)619042590
=856  41$uhttps://archive.org/details/uptodatepoultryh00traf
=912  \\$analcatalog
=930  \\$a20140702$b20140807$c00000000
=945  \\$aDigiMet
=945  \\$p120
=946  \\$aOther US
=994  \\$a92$bAGL

