=LDR  00890cas a2200325M  4500
=001  9915462153707426
=005  20240621211233.0
=008  001003d19uu19uudcuuu\\\\\\\\f0\\\\0eng\d
=016  7\$aCAT11083567$2DNAL
=035  \\$a851700
=035  \\$a(OCoLC)1289008964
=035  \\$a(DNAL)851700-naldb-Voyager
=040  \\$aAGL$beng$cAGL
=049  \\$aRQIC
=070  0\$a1.95$bF96
=110  1\$aUnited States.$bFarm Security Administration.
=245  10$aFunctional organization chart, real estate operations.
=260  \\$a[Washington?]
=362  1\$aCeased.
=591  \\$bNAL Reclamation
=593  \\$fAgricola CAT
=651  \3$aUnited States.
=655  \3$aInternet resource.
=856  41$uhttps://archive.org/details/functionalorgani1944unit
=912  \\$analcatalog
=930  \\$a20140812$b00000000$c00000000
=945  \\$aDigiMet
=945  \\$p6
=946  \\$aUSDA
=994  \\$a92$bAGL

