=LDR  02399cas a22008652  4500
=001  9915462189407426
=005  20240627060301.0
=008  001010d19uu19uuxxuuu\\\\\\\\f0\\\\1eng\d
=016  7\$aCAT11085110$2DNAL
=035  \\$91085-11060
=035  \\$a851226
=035  \\$a(DNAL)851226-naldb-Voyager
=040  \\$aAGL$dAGL
=049  \\$aRQIC
=070  0\$a1.9$bIn3Ra
=110  1\$aUnited States.$bDepartment of Agriculture.$bRadio Service.
=245  10$aRadio talks [By people in Off. of inf. and also by people in organizations not connected with the Dept.].
=362  1\$aCeased.
=500  \\$aNAL holdings: May 6, 1929-June 30, 1939.
=500  \\$aEach no. has individual title. Consult reference staff to search card catalog.
=500  \\$aBeginning July 1, 1939 see 1.914 R2R11.
=500  \\$aFor Farm business library see cd.la.
=550  \\$aFor Farm science and business news see cd.la (also Farm Science news)
=550  \\$aFor Soils and men by Gove Hambridge, see 1.9 In33H.
=593  \\$fAgricola CAT
=650  \0$aAgriculture$zUnited States$vPeriodicals.
=650  \0$aRadio scripts$zUnited States.
=655  \3$aInternet resource
=740  02$aFarm business library.
=740  02$aFarm science and business news.
=740  02$aSoils and men.
=856  41$uhttps://archive.org/details/radiotalksbypeop1937unit/page/n1/mode/2up
=912  \\$analcatalog
=930  \\$a20140702$b20140807$c00000000
=939  \\$a20140319$b20140404$c00000000
=945  \\$aDigiMet
=945  \\$vpt. 1
=945  \\$p70
=945  \\$aDigiMet
=945  \\$vpt. 2
=945  \\$p288
=945  \\$aDigiMet
=945  \\$vpt. 3
=945  \\$p296
=945  \\$aDigiMet
=945  \\$vpt. 4
=945  \\$p268
=945  \\$aDigiMet
=945  \\$vpt. 5
=945  \\$p144
=945  \\$aDigiMet
=945  \\$vpt. 6
=945  \\$p102
=945  \\$aDigiMet
=945  \\$vpt. 7
=945  \\$p464
=945  \\$aDigiMet
=945  \\$vpt. 8
=945  \\$p330
=945  \\$aDigiMet
=945  \\$vpt. 9
=945  \\$p508
=945  \\$aDigiMet
=945  \\$vpt. 10
=945  \\$p388
=945  \\$aDigiMet
=945  \\$vpt. 11
=945  \\$p422
=945  \\$aDigiMet
=945  \\$vpt. 12
=945  \\$p8
=946  \\$aUSDA
=959  \\$c2013-04-02$essouder$gap
=959  \\$c2014-03-11$ergallett$gaccadd
=959  \\$c2024-06-27$earojas$gproj

