=LDR  05229cas a2202413I  4500
=001  9915462231207426
=005  20240624164742.0
=008  001003d194019uudcuuu\p\\\\\\\0\\\a0eng\d
=016  7\$aCAT11083618$2DNAL
=035  \\$a851750
=035  \\$a(OCoLC)313368753
=035  \\$a(DNAL)851750-naldb-Voyager
=040  \\$aCOO$beng$cCOO$dOCLCQ$dOCLCO$dAGL$dOCLCF
=043  \\$an-us---
=049  \\$aAGLL
=070  0\$a1.943$bL34
=245  00$aLatin American news digest.
=260  \\$aWashington, D.C.
=300  \\$avolumes$c28 cm
=310  \\$aFrequency varies.
=336  \\$atext$btxt$2rdacontent
=337  \\$aunmediated$bn$2rdamedia
=338  \\$avolume$bnc$2rdacarrier
=362  1\$aBegan with no. 1 (July 18, 1940).
=362  1\$aCeased.
=515  \\$aIssued daily, no. 1-421, July 18, 1940-Dec. 31, 9141; weekly, no. 422-Jan. 9, 1942-
=591  \\$bNAL Reclamation
=593  \\$fAgricola CAT
=650  \0$aAgriculture$zLatin America$vPeriodicals.
=650  \0$aAgriculture$zUnited States$vPeriodicals.
=651  \0$aUnited States$xForeign relations.$0http://id.loc.gov/authorities/subjects/sh85140058
=651  \7$aLatin America.$2fast$0(OCoLC)fst01245945
=651  \7$aUnited States.$2fast$0(OCoLC)fst01204155
=655  \7$aPeriodicals.$2fast$0(OCoLC)fst01411641
=710  1\$aUnited States.$bOffice of Foreign Agricultural Relations.$0http://id.loc.gov/authorities/names/n85271417
=856  41$uhttps://archive.org/details/usda-latinamericannewsdigest
=912  \\$analcatalog
=930  \\$a20140616$b20140704$c00000000
=945  \\$aDigiMet
=945  \\$vpt. 1
=945  \\$p32
=945  \\$aDigiMet
=945  \\$vpt. 2
=945  \\$p68
=945  \\$aDigiMet
=945  \\$vpt. 3
=945  \\$p60
=945  \\$aDigiMet
=945  \\$vpt. 4
=945  \\$p68
=945  \\$aDigiMet
=945  \\$vpt. 5
=945  \\$p60
=945  \\$aDigiMet
=945  \\$vpt. 6
=945  \\$p58
=945  \\$aDigiMet
=945  \\$vpt. 7
=945  \\$p62
=945  \\$aDigiMet
=945  \\$vpt. 8
=945  \\$p58
=945  \\$aDigiMet
=945  \\$vpt. 9
=945  \\$p66
=945  \\$aDigiMet
=945  \\$vpt. 10
=945  \\$p64
=945  \\$aDigiMet
=945  \\$vpt. 11
=945  \\$p68
=945  \\$aDigiMet
=945  \\$vpt. 12
=945  \\$p58
=945  \\$aDigiMet
=945  \\$vpt. 13
=945  \\$p66
=945  \\$aDigiMet
=945  \\$vpt. 14
=945  \\$p54
=945  \\$aDigiMet
=945  \\$vpt. 15
=945  \\$p54
=945  \\$aDigiMet
=945  \\$vpt. 16
=945  \\$p58
=945  \\$aDigiMet
=945  \\$vpt. 17
=945  \\$p48
=945  \\$aDigiMet
=945  \\$vpt. 18
=945  \\$p48
=945  \\$aDigiMet
=945  \\$vpt. 19
=945  \\$p26
=945  \\$aDigiMet
=945  \\$vpt. 20
=945  \\$p16
=945  \\$aDigiMet
=945  \\$vpt. 21
=945  \\$p18
=945  \\$aDigiMet
=945  \\$vpt. 22
=945  \\$p20
=945  \\$aDigiMet
=945  \\$vpt. 23
=945  \\$p18
=945  \\$aDigiMet
=945  \\$vpt. 24
=945  \\$p15
=945  \\$aDigiMet
=945  \\$vpt. 25
=945  \\$p16
=945  \\$aDigiMet
=945  \\$vpt. 26
=945  \\$p10
=945  \\$aDigiMet
=945  \\$vpt. 27
=945  \\$p12
=945  \\$aDigiMet
=945  \\$vpt. 28
=945  \\$p14
=945  \\$aDigiMet
=945  \\$vpt. 29
=945  \\$p12
=945  \\$aDigiMet
=945  \\$vpt. 30
=945  \\$p12
=945  \\$aDigiMet
=945  \\$vpt. 31
=945  \\$p14
=945  \\$aDigiMet
=945  \\$vpt. 32
=945  \\$p12
=945  \\$aDigiMet
=945  \\$vpt. 33
=945  \\$p12
=945  \\$aDigiMet
=945  \\$vpt. 34
=945  \\$p14
=945  \\$aDigiMet
=945  \\$vpt. 35
=945  \\$p12
=945  \\$aDigiMet
=945  \\$vpt. 36
=945  \\$p12
=945  \\$aDigiMet
=945  \\$vpt. 37
=945  \\$p14
=945  \\$aDigiMet
=945  \\$vpt. 38
=945  \\$p12
=945  \\$aDigiMet
=945  \\$vpt. 39
=945  \\$p12
=945  \\$aDigiMet
=945  \\$vpt. 40
=945  \\$p14
=945  \\$aDigiMet
=945  \\$vpt. 41
=945  \\$p12
=945  \\$aDigiMet
=945  \\$vpt. 42
=945  \\$p14
=945  \\$aDigiMet
=945  \\$vpt. 43
=945  \\$p12
=945  \\$aDigiMet
=945  \\$vpt. 44
=945  \\$p12
=945  \\$aDigiMet
=945  \\$vpt. 45
=945  \\$p14
=945  \\$aDigiMet
=945  \\$vpt. 46
=945  \\$p14
=945  \\$aDigiMet
=945  \\$vpt. 47
=945  \\$p12
=945  \\$aDigiMet
=945  \\$vpt. 48
=945  \\$p16
=945  \\$aDigiMet
=945  \\$vpt. 49
=945  \\$p10
=945  \\$aDigiMet
=945  \\$vpt. 50
=945  \\$p12
=945  \\$aDigiMet
=945  \\$vpt. 51
=945  \\$p14
=945  \\$aDigiMet
=945  \\$vpt. 52
=945  \\$p12
=945  \\$aDigiMet
=945  \\$vpt. 53
=945  \\$p12
=945  \\$aDigiMet
=945  \\$vpt. 54
=945  \\$p14
=946  \\$aUSDA
=959  \\$c2014-10-03$essouder$gurl
=959  \\$c2014-06-16$ergallett$gupgrade
=994  \\$a92$bAGL

