=LDR  01802cam a2200481Ia 4500
=001  9915462317807426
=005  20240620154135.0
=008  000805s2000\\\\dcu\\\\\\bs\\\000\0\eng\d
=016  7\$aCAT11076918$2DNAL
=035  \\$a851393
=035  \\$a(OCoLC)44103279
=035  \\$a(DNAL)851393-naldb-Voyager
=040  \\$aOSU$beng$cOSU$dAGL$dOCLCQ$dOCLCO$dOCLCF$dOCLCA
=043  \\$an-us---
=049  \\$aAGLL
=070  0\$a1$bAg84M no. 1528-1999
=072  \0$aX700
=245  00$aExpenditures on children by families :$b1999 annual report.
=260  \\$aWashington, DC :$bU.S. Dept. of Agriculture, Center for Nutrition Policy and Promotion,$c[2000]
=300  \\$aiv, 25 pages ;$c28 cm.
=336  \\$atext$btxt$2rdacontent
=337  \\$aunmediated$bn$2rdamedia
=338  \\$avolume$bnc$2rdacarrier
=490  1\$aMiscellaneous publication ;$vno. 1528-1999
=504  \\$aIncludes bibliographical references (page 15).
=591  \\$bNAL Reclamation
=593  \\$fAgricola CAT
=650  \0$aChild rearing$xEconomic aspects$zUnited States$vStatistics.
=650  \0$aChildren$zUnited States$xEconomic conditions$vStatistics.
=651  \7$aUnited States.$2fast$0(OCoLC)fst01204155
=655  \3$aInternet resource.
=655  \7$aStatistics.$2fast$0(OCoLC)fst01423727
=710  2\$aCenter for Nutrition Policy and Promotion (U.S.)$0http://id.loc.gov/authorities/names/no95057451
=830  \0$aMiscellaneous publication (United States. Department of Agriculture) ;$vno. 1528-1999.
=856  41$uhttps://archive.org/details/expendituresonch1528cent_2
=912  \\$analcatalog
=930  \\$a20140305$b20140404$c00000000
=939  \\$a20000902$b20000912$c00000000
=945  \\$dJR$e2000/08/05$fJR$g2000/08/05$n1
=945  \\$p44
=945  \\$aDigiMet
=946  \\$aUSDA
=994  \\$a92$bAGL

