=LDR  02053cam a2200517 a 4500
=001  9915462336407426
=005  20240624164745.0
=008  800401s1966\\\\mdua\\\\\\\\\f000\0\eng\d
=016  7\$aCAT10233710$2DNAL
=035  \\$a206531
=035  \\$a(OCoLC)825823366
=035  \\$a(DNAL)206531-naldb-Voyager
=040  \\$aMUU$beng$cMUU$dOCLCO$dOCLCF$dOCLCQ$dAGL$dOCLCQ
=049  \\$aAGLL
=070  0\$aA56.9$bR31 no. 126
=072  \0$a8000
=086  0\$aA 77.15:ARS-41-126
=100  1\$aEpstein, Eliot,$d1929-$0http://id.loc.gov/authorities/names/n80038254
=245  10$aComputer calculations of soil and water loss data from runoff plots using Geib multislot divisors /$c[Eliot Epstein, John M. Lane, and Walter J. Grant].
=260  \\$aBeltsville, Md. :$bU.S. Dept. of Agriculture, Agricultural Research Service,$c[1966]
=300  \\$a15 pages :$billustrations ;$c26 cm
=336  \\$atext$btxt$2rdacontent
=337  \\$aunmediated$bn$2rdamedia
=338  \\$avolume$bnc$2rdacarrier
=490  1\$aARS ;$v41-126
=530  \\$aAlso available on the Internet.
=591  \\$bNAL Reclamation
=593  \\$fAgricola CAT
=650  \0$aRunoff$xComputer programs.$0http://id.loc.gov/authorities/subjects/sh85115872
=655  \3$aInternet resource.
=700  1\$aLane, John M.,$eauthor.
=700  1\$aGrant, W. J.$q(Walter J.)$0http://id.loc.gov/authorities/names/n84043697
=710  1\$aUnited States.$bAgricultural Research Service.$bSoil and Water Conservation Research Division.$0http://id.loc.gov/authorities/names/n83008026
=830  \0$aARS (Series) (United States. Agricultural Research Service) ;$v41-126.
=856  41$uhttps://archive.org/details/computercalculat12epst
=912  \\$analcatalog
=930  \\$a20201022$b00000000$c00000000
=939  \\$a20160210$b20160304$c00000000
=939  \\$a20131022$b20131101$c00000000
=945  \\$aDigiMet
=945  \\$p20
=946  \\$aUSDA
=958  \\$be$c2016-02-09$dn$edfriedma
=959  \\$c2016-02-10$earojas$gap
=959  \\$c2020-10-22$ecbarone$gother
=994  \\$a92$bAGL

