=LDR  01975cam a2200493Ii 4500
=001  9915462347107426
=005  20240620154134.0
=008  800401s1968\\\\utu\\\\\\b\\\f000\0\eng\d
=016  7\$aCAT10246191$2DNAL
=019  \\$a1191614217$a1225732764
=035  \\$a206652
=035  \\$a(OCoLC)921151957$z(OCoLC)1191614217$z(OCoLC)1225732764
=035  \\$a(DNAL)206652-naldb-Voyager
=035  \\$z(OCoLC)1191614217$z(OCoLC)1225732764
=040  \\$aSEA$beng$erda$cSEA$dOCLCF$dAGM$dAGL
=049  \\$aAGLL
=070  \\$aA99.9$bF764Un no. 77
=072  \0$a4500
=086  0\$aA 13.79:INT-77
=100  1\$aStage, Albert R.,$eauthor.$0http://id.loc.gov/authorities/names/n82144930
=245  12$aA tree-by-tree measure of site utilization for grand fir related to stand density index /$cAlbert R. Stage.
=264  \1$aOgden, Utah :$bIntermountain Forest & Range Experiment Station, Forest Service, United States Department of Agriculture,$c1968.
=300  \\$a7 pages ;$c26 cm.
=336  \\$atext$btxt$2rdacontent
=337  \\$aunmediated$bn$2rdamedia
=338  \\$avolume$bnc$2rdacarrier
=490  1\$aU.S. Forest Service research note ;$vINT-77
=504  \\$aIncludes bibliographical references.
=591  \\$bNAL Reclamation
=593  \\$fAgricola CAT
=650  \0$aForests and forestry$xMeasurement$xMathematical models.
=650  \0$aAbies grandis.$0http://id.loc.gov/authorities/subjects/sh85000151
=650  \3$aAbies grandis.
=655  \3$aInternet resource.
=710  1\$aUnited States.$bForest Service.$0http://id.loc.gov/authorities/names/n79054932
=710  2\$aIntermountain Forest and Range Experiment Station (Ogden, Utah)$0http://id.loc.gov/authorities/names/n79062786
=830  \0$aU.S. Forest Service research note INT ;$v77.
=856  41$uhttps://archive.org/details/treebytreemeasur77stag
=912  \\$analcatalog
=930  \\$a20140604$b00000000$c00000000
=945  \\$aDigiMet
=945  \\$p12
=946  \\$aUSDA
=994  \\$a92$bAGL

