=LDR  01740cam a2200493M  4500
=001  9915462359007426
=005  20240624164734.0
=008  800401s1967\\\\mdu\\\\\\\\\\\000\0\eng\d
=016  7\$aCAT10246348$2DNAL
=035  \\$a206972
=035  \\$a(OCoLC)1289089718
=035  \\$a(DNAL)206972-naldb-Voyager
=040  \\$aAGL$beng$cAGL
=049  \\$aAGLL
=070  0\$aA464.479$bR31 no. 6-1
=072  \0$a3500
=100  1\$aMumford, Bessie C.,$ecompiler.
=245  10$aList of intercepted plant pests, 1966 :$bpests recorded from July 1, 1965, through June 30, 1966 /$ccompiled by Bessie C. Mumford.
=260  \\$aHyattsville, Md. :$bPlant Quarantine Division, Agricultural Research Service, U.S. Department of Agriculture,$c1967.
=300  \\$a86 pages :$billustrations.
=336  \\$atext$btxt$2rdacontent
=337  \\$aunmediated$bn$2rdamedia
=338  \\$avolume$bnc$2rdacarrier
=490  1\$aARS ;$v82-6-1
=530  \\$aAlso available on the Internet.
=591  \\$bNAL Reclamation
=593  \\$fAgricola CAT
=650  \0$aHost plants.
=650  \0$aPlant parasites$xControl.
=650  \0$aAgricultural pests$xControl.
=650  \0$aParasitic plants$xHost plants.
=655  \3$aInternet resource.
=710  1\$aUnited States.$bPlant Quarantine Division,$eissuing body.
=710  1\$aUnited States.$bAgricultural Research Service.
=830  \0$aARS (Series) (United States. Agricultural Research Service) ;$v82-6-1.
=856  41$uhttps://archive.org/details/listofintercepte61unit
=912  \\$analcatalog
=930  \\$a20201022$b00000000$c00000000
=945  \\$aDigiMet
=945  \\$p92
=946  \\$aUSDA
=959  \\$c2013-10-22$essouder$gurl
=959  \\$c2020-10-22$ecbarone$gother
=994  \\$a92$bAGL

