=LDR  01688cam a22004813a 4500
=001  9915462467007426
=005  20240624164802.0
=008  800401s1966\\\\dcu\\\\\\\\\\f000\0\eng\d
=016  7\$aCAT10246192$2DNAL
=035  \\$a206654
=035  \\$a(OCoLC)840690017
=035  \\$a(DNAL)206654-naldb-Voyager
=040  \\$aMUU$beng$cMUU$dOCLCO$dOCLCQ$dOCLCA$dOCL$dOCLCQ
=043  \\$an-us---
=049  \\$aAGLL
=070  \\$aA381$bR31 no. 47
=072  \0$a1500
=086  0\$aA 77.15:ARS-72-47
=110  1\$aUnited States.$bAgricultural Research Service.
=245  10$aCotton products research at the Southern Utilization Research and Development Division.
=300  \\$a5 pages ;$c27 cm
=336  \\$atext$btxt$2rdacontent
=337  \\$aunmediated$bn$2rdamedia
=338  \\$avolume$bnc$2rdacarrier
=490  1\$aARS ;$v72-47
=591  \\$bNAL Reclamation
=593  \\$fAgricola CAT
=650  \0$aCotton products$xResearch$zUnited States.
=651  \7$aUnited States.$2fast$0(OCoLC)fst01204155
=710  1\$aUnited States.$bAgricultural Research Service.$bSouthern Utilization Research and Development Division.$0http://id.loc.gov/authorities/names/n84046610
=830  \0$aARS (Series) (United States. Agricultural Research Service) ;$v72-47.
=856  41$uhttps://archive.org/details/cottonproductsre7247stan
=912  \\$analcatalog
=930  \\$a20140115$b20140207$c00000000
=939  \\$a20130314$b20130404$c00000000
=945  \\$aDigiMet
=945  \\$p12
=946  \\$aUSDA
=959  \\$c2014-01-15$essouder$gurl
=959  \\$c2013-03-14$ejgilbert$gsubjadd
=959  \\$c2013-03-14$ejgilbert$gde
=959  \\$c2013-03-14$ejgilbert$gaccadd
=994  \\$a92$bAGL

