=LDR  02027cam a2200517 a 4500
=001  9915462478007426
=005  20240624164802.0
=008  800401s1967\\\\dcua\\\\\b\\\f000\0\eng\d
=016  7\$aCAT10233709$2DNAL
=035  \\$a206529
=035  \\$a(OCoLC)225720071
=035  \\$a(DNAL)206529-naldb-Voyager
=040  \\$aAU@$beng$cAU@$dMUU$dOCLCO$dOCLCF$dOCLCQ$dAGL$dOCLCQ
=049  \\$aAGLL
=070  0\$aA56.9$bR31 no. 125
=072  \0$a8000
=086  0\$aA 77.15:ARS-41-125
=100  1\$aEnsminger, Leonard Elroy,$d1912-$eauthor.
=245  10$aEffectiveness of rock phosphate as a source of phosphorus for plants /$c[L.E. Ensminger, R.W. Pearson, and W.H. Armiger.
=260  \\$aWashington, D.C.] :$bAgricultural Research Service, U.S. Dept. of Agriculture,$c1967.
=300  \\$a40 pages :$billustrations ;$c26 cm
=336  \\$atext$btxt$2rdacontent
=337  \\$aunmediated$bn$2rdamedia
=338  \\$avolume$bnc$2rdacarrier
=490  1\$aARS ;$v41-125
=504  \\$aIncludes bibliographical references (page 28).
=530  \\$aAlso available on the Internet.
=591  \\$bNAL Reclamation
=593  \\$fAgricola CAT
=650  \0$aPhosphatic fertilizers.$0http://id.loc.gov/authorities/subjects/sh85101100
=650  \0$aSoils$xPhosphorus content.$0http://id.loc.gov/authorities/subjects/sh85124440
=650  \0$aPhosphate rock.$0http://id.loc.gov/authorities/subjects/sh85101097
=655  \3$aInternet resource.
=700  1\$aPearson, R. W.$q(Robert W.),$d1910-$0http://id.loc.gov/authorities/names/no2010081616
=700  1\$aArmiger, Walter Hamilton,$d1914-$eauthor.
=830  \0$aARS (Series) (United States. Agricultural Research Service) ;$vARS 41-125.
=856  41$uhttps://archive.org/details/effectivenessofr12ensm
=912  \\$analcatalog
=930  \\$a20201022$b00000000$c00000000
=939  \\$a20131022$b20131101$c00000000
=945  \\$aDigiMet
=945  \\$p46
=946  \\$aUSDA
=959  \\$c2013-10-22$essouder$gurl
=959  \\$c2020-10-22$ecbarone$gother
=994  \\$a92$bAGL

