=LDR  02258cam a2200577Ia 4500
=001  9915424899707426
=005  20240620163426.0
=007  he\bmb024bbca
=008  970828s1996\\\\oruab\\\bbs\\f000\0\eng\d
=016  7\$aCAT10833192$2DNAL
=019  \\$a1225782478
=035  \\$a796381
=035  \\$a(OCoLC)36984912$z(OCoLC)1225782478
=035  \\$a(DNAL)796381-naldb-Voyager
=035  \\$z(OCoLC)1225782478
=040  \\$aGPO$beng$cGPO$dOCL$dOCLCQ$dOCLCF$dOCLCQ$dOCLCO$dOCLCQ$dUOK$dAGL
=043  \\$an-usp--
=049  \\$aAGLL
=050  \0$aHC107.A195$bM34 1996
=070  0\$aFiche$bS-133 (A 13.79:PNW-RN-520 )
=072  \0$aX700
=074  \\$a0083-B-04 (MF)
=086  0\$aA 13.79:PNW-RN-520
=100  1\$aMcGinnis, Wendy J.
=245  10$aSelected economic and demographic data for counties of the interior Columbia River basin /$cWendy J. McGinnis.
=260  \\$aPortland, Or. (333 S.W. First Ave., P.O. Box 3890, Portland 97208-3890) :$bU.S. Dept. of Agriculture, Forest Service, Pacific Northwest Research Station,$c[1996]
=300  \\$a84 pages :$billustrations, map ;$c28 cm.
=336  \\$atext$btxt$2rdacontent
=337  \\$amicroform$bh$2rdamedia
=338  \\$amicrofiche$bhe$2rdacarrier
=490  1\$aResearch note PNW ;$vRN-520
=504  \\$aIncludes bibliographical references.
=533  \\$aMicrofiche.$b[Washington, D.C.?] :$cSupt. of Docs., U.S. G.P.O.,$d[1997].$e2 microfiches : negative.
=591  \\$bNAL Reclamation
=593  \\$fAgricola CAT
=650  \0$aIncome distribution$zColumbia River Region$vStatistics.
=651  \0$aColumbia River Region$xPopulation$vStatistics.
=650  \0$aDemographic surveys$zColumbia River Region.
=651  \7$aUnited States$zColumbia River Region.$2fast$0(OCoLC)fst01350940
=655  \3$aInternet resource.
=655  \7$aStatistics.$2fast$0(OCoLC)fst01423727
=710  2\$aIntermountain Research Station (Ogden, Utah)$0http://id.loc.gov/authorities/names/n85066590
=830  \0$aResearch note PNW ;$v520.
=856  41$uhttps://archive.org/details/selectedeconomic520mcgi
=912  \\$analcatalog
=930  \\$a20140505$b20140606$c00000000
=939  \\$a19970901$b19970905$c00000000
=945  \\$aDigiMet
=945  \\$p92
=946  \\$aOther US
=994  \\$a92$bAGL

