=LDR  01530cam a2200481I  4500
=001  9915425585707426
=005  20240624200601.0
=008  780918s1912\\\\gau\\\\\\\\\\\000\0\eng\\
=010  \\$a   12025986 
=016  7\$aCAT11013737$2DNAL
=035  \\$a130102
=035  \\$a(OCoLC)04233187
=035  \\$a(DNAL)130102-naldb-Voyager
=040  \\$aDLC$beng$cNRC$dNRC$dAGL$dOCLCQ$dOCLCF$dOCLCQ$dOCLCO$dOCL
=043  \\$an-usu--
=049  \\$aRQIB
=050  00$aTX715$b.S68
=070  0\$a389.25$bSo8
=072  \0$aU600
=130  0\$aSouthern ruralist.
=245  10$aFavorite southern recipes,$cby Southern ruralist readers; collected by the Southern ruralist, Atlanta, Ga.
=260  \\$a[Atlanta],$b[The Southern ruralist]$c[©1912]
=300  \\$a222 pages$c22 cm
=336  \\$atext$btxt$2rdacontent
=337  \\$aunmediated$bn$2rdamedia
=338  \\$avolume$bnc$2rdacarrier
=530  \\$aAlso available on the Internet.
=591  \\$bNAL Reclamation
=593  \\$fAgricola CAT
=650  \0$aCooking, American.$0http://id.loc.gov/authorities/subjects/sh85031773
=655  \3$aInternet resource.
=856  41$uhttps://archive.org/details/favoritesouthern1912vehl
=911  \\$ichl00157733
=912  \\$analcatalog
=930  \\$a20201003$b00000000$c00000000
=939  \\$a20131022$b20131101$c00000000
=939  \\$a20100630$b20100703$c00000000
=945  \\$aDigiMet
=945  \\$p230
=946  \\$aOther US
=959  \\$c2013-10-22$essouder$gurl
=959  \\$c2020-09-25$earojas$gupgrade
=994  \\$a92$bAGL

