=LDR  02067cam a2200565Ia 4500
=001  9915425694807426
=005  20240620134538.0
=008  880818s1904\\\\dcu\\\\\\bl\\f001\0\eng\c
=010  \\$aagr09000435 
=016  7\$aCAT10666101$2DNAL
=035  \\$a612875
=035  \\$a(OCoLC)18370439
=035  \\$a(DNAL)612875-naldb-Voyager
=040  \\$aLibrary, U.S. Dept. of Agriculture$beng$cVXF$dVXF$dAGL$dOCLCQ$dSPI$dMTG$dNUI$dOCLCF$dOCLCO$dOCLCQ$dOCLCO$dCOD$dOCLCA$dAGM
=043  \\$an-us---
=049  \\$aAGLL
=050  \0$aSD11$b.A2 no. 57
=070  0\$a1$bF76B no.57
=072  \0$aD500
=072  \0$aK001
=086  0\$aA 13.3:57
=100  1\$aWoodruff, George W.$q(George Washington),$d1881-
=245  00$aFederal and state forest laws /$ccompiled by George W. Woodruff.
=260  \\$aWashington, D.C. :$bU.S. Dept. of Agriculture, Bureau of Forestry,$c1904.
=300  \\$a259 pages ;$c23 cm.
=336  \\$atext$btxt$2rdacontent
=337  \\$aunmediated$bn$2rdamedia
=338  \\$avolume$bnc$2rdacarrier
=490  1\$aBulletin / Bureau of Forestry ;$vno. 57
=504  \\$aIncludes bibliographical references and index.
=591  \\$bNAL Reclamation
=593  \\$fAgricola CAT
=650  \0$aForestry law and legislation$zUnited States.
=650  \3$aforests.
=651  \3$aUnited States.
=651  \7$aUnited States.$2fast$0(OCoLC)fst01204155
=655  \3$aInternet resource.
=710  1\$aUnited States.$bBureau of Forestry.$0http://id.loc.gov/authorities/names/n85054656
=710  1\$aUnited States.$bDepartment of Agriculture.
=776  08$iOnline version:$tFederal and state forest laws.$dWashington, D.C. : U.S. Dept. of Agriculture, Bureau of Forestry, 1904$w(OCoLC)777924333
=830  \0$aBulletin (United States. Bureau of Forestry) ;$vno. 57.
=856  41$uhttps://archive.org/details/federalstatefore57wood
=912  \\$analcatalog
=930  \\$a20140702$b20140807$c00000000
=939  \\$a19940802$b19940811$c00000000
=945  \\$aUIU
=945  \\$p266
=945  \\$aDigiMet
=946  \\$aUSDA
=994  \\$a92$bAGL

