=LDR  02053cam a2200517Ia 4500
=001  9915425754807426
=005  20240620134606.0
=008  810513s1905\\\\dcuabf\\\\\\\f001\0\eng\c
=010  \\$aagr06000301 
=016  7\$aCAT10666088$2DNAL
=035  \\$a612863
=035  \\$a(OCoLC)07417141
=035  \\$a(DNAL)612863-naldb-Voyager
=040  \\$aLibrary, U.S. Dept of Agr.$beng$cSUC$dSUC$dAGL$dOCLCQ$dSPI$dLHL$dNUI$dOCLCF$dOCLCQ$dCOD$dOCLCA$dOCLCQ
=043  \\$an-us-sc
=049  \\$aAGLL
=050  \0$aSD11$b.A2 no. 56
=070  0\$a1$bF76B no.56
=072  \0$aK100
=086  0\$aA 13.3:56
=100  1\$aChapman, Charles Sidney.
=245  12$aA working plan for forest lands in Berkeley County, South Carolina /$cby Charles S. Chapman.
=260  \\$aWashington, D.C. :$bU.S. Dept. of Agriculture, Bureau of Forestry,$c1905.
=300  \\$a62 pages, 5 leaves of plates :$billustrations, folded color map ;$c23 cm.
=336  \\$atext$btxt$2rdacontent
=337  \\$aunmediated$bn$2rdamedia
=338  \\$avolume$bnc$2rdacarrier
=490  1\$aBulletin / Bureau of Forestry ;$vno. 56
=591  \\$bNAL Reclamation
=593  \\$fAgricola CAT
=650  \0$aForests and forestry$zSouth Carolina$zBerkeley County.
=651  \7$aSouth Carolina$zBerkeley County.$2fast$0(OCoLC)fst01209604
=655  \3$aInternet resource.
=710  1\$aUnited States.$bBureau of Forestry.$0http://id.loc.gov/authorities/names/n85054656
=710  1\$aUnited States.$bDepartment of Agriculture.
=776  08$iOnline version:$aChapman, Charles Sidney.$tWorking plan for forest lands in Berkeley County, South Carolina.$dWashington, D.C. : U.S. Dept. of Agriculture, Bureau of Forestry, 1905$w(OCoLC)903065978
=830  \0$aBulletin (United States. Bureau of Forestry) ;$vno. 56.
=856  41$uhttps://archive.org/details/workingplanforfo56chap
=912  \\$analcatalog
=930  \\$a20140603$b20140704$c00000000
=939  \\$a19940802$b19940811$c00000000
=945  \\$aUIU
=945  \\$p82
=945  \\$aDigiMet
=946  \\$aUSDA
=994  \\$a92$bAGL

