=LDR  01638cam a2200505Ia 4500
=001  9915425838007426
=005  20240624200642.0
=008  900315s1964\\\\mdu\\\\\\\\\\f000\0\eng\d
=016  7\$aCAT10666969$2DNAL
=035  \\$a(OCoLC)ocm21217702 940728
=035  \\$90666-96960
=035  \\$a612223
=035  \\$a(DNAL)612223-naldb-Voyager
=040  \\$aAGL$cAGL$dAGA
=049  \\$aAGAA
=070  0\$aA64.9$bR31A no. 37-3 1964
=072  \0$aF110
=072  \0$aF200
=090  \\$aaSB359.4$b.F57
=100  1\$aFisher, Herbert Harry,$d1914-
=245  12$aA survey of pears, nuts, and other fruit clones in the United States /$c[H. H. Fisher].
=260  \\$a[Beltsville, Md.] :$bU.S. Dept. of Agriculture, Agricultural Research Service,$c1964.
=300  \\$a292 p. ;$c20 x 26 cm.
=490  \0$aARS 34 ;$v37-3
=500  \\$aCover title.
=500  \\$a"July 1964."
=593  \\$fAgricola CAT
=650  \0$aFruit$zUnited States$xGermplasm resources.
=650  \0$aNuts$zUnited States$xGermplasm resources.
=650  \0$aFruit$zUnited States$xVarieties.
=650  \0$aNuts$zUnited States$xVarieties.
=655  \3$aInternet resource
=710  10$aUnited States.$bAgricultural Research Service.
=830  \0$aARS 34 ;$v37-3.
=852  \\$aDNAr$iaSB359.4.F57
=856  41$uhttps://archive.org/details/surveyofpearsnut3437fish
=912  \\$analcatalog
=930  \\$a20190809$b20190903$c00000000
=939  \\$a20140207$b20140307$c00000000
=939  \\$a20130610$b20130705$c00000000
=945  \\$ddmn$e94/07/07$fdmn$g94/07/07
=945  \\$p304
=945  \\$aDigiMet
=946  \\$aUSDA
=959  \\$c2019-08-09$earojas$gap

