=LDR  02173cam a2200541Ia 4500
=001  9915427290407426
=005  20240624164514.0
=008  990227s1998\\\\pauab\\\\bs\\f000\0\eng\\
=016  7\$aCAT10862583$2DNAL
=035  \\$a827261
=035  \\$a(OCoLC)40821851
=035  \\$a(DNAL)827261-naldb-Voyager
=040  \\$aAGL$beng$cAGL$dOCL$dOCLCQ$dLHL$dOCLCF$dOCLCO$dOCLCQ$dAGL
=049  \\$aAGLL
=070  0\$aA99.9$b.F7622U no. 364, etc.
=072  \0$aE700
=072  \0$aK510
=086  0\$aA 13.79:NE-364
=100  1\$aNolley, Jean.
=245  10$aBulletin of hardwood market statistics :$bfirst half - 1997 /$cJean W. Nolley.
=260  \\$aRadnor, PA :$bU.S. Dept. of Agriculture, Forest Service, Northeastern Research Station,$c[1998]
=300  \\$a22 pages :$billustrations, maps ;$c28 cm.
=336  \\$atext$btxt$2rdacontent
=337  \\$aunmediated$bn$2rdamedia
=338  \\$avolume$bnc$2rdacarrier
=490  1\$aResearch note NE ;$v364
=504  \\$aIncludes bibliographical references (page 22).
=530  \\$aLibrary also holds microfiche. Washington, DC : Supt. of Docs., U.S. G.P.O.,  1998.  2 microfiches: negative (NAL call no.: Fiche S-133 (A 13.79/3:997)
=591  \\$bNAL Reclamation
=593  \\$fAgricola CAT
=650  \0$aHardwood industry$vStatistics.
=650  \0$aHardwoods$xPrices.
=655  \3$aInternet resource.
=655  \7$aStatistics.$2fast$0(OCoLC)fst01423727
=710  1\$aUnited States.$bForest Service.$bNortheastern Research Station.$0http://id.loc.gov/authorities/names/no98081992
=776  08$iOnline version:$aNolley, Jean.$tBulletin of hardwood market statistics.$dRadnor, PA : U.S. Dept. of Agriculture, Forest Service, Northeastern Research Station, [1998]$w(OCoLC)624408296
=830  \0$aResearch note NE ;$v364.
=856  41$uhttps://archive.org/details/bulletinofhardwo364noll
=912  \\$analcatalog
=930  \\$a20140115$b20140207$c00000000
=939  \\$a20040831$b20040901$c00000000
=939  \\$a19990301$b19990308$c00000000
=945  \\$dRLG$e99/02/19$fSES$g99/02/19$n1
=945  \\$p28
=945  \\$aDigiMet
=946  \\$aUSDA
=959  \\$c2014-01-15$essouder$gurl
=994  \\$a92$bAGL

