=LDR  02045cam a2200589Ia 4500
=001  9915427507207426
=005  20240620141044.0
=008  990303s1992\\\\gaua\\\\\\\\\f000\0\eng\\
=016  7\$aCAT10862858$2DNAL
=035  \\$a827438
=035  \\$a(OCoLC)40880110
=035  \\$a(DNAL)827438-naldb-Voyager
=040  \\$aAGL$beng$cAGL$dOCLCQ$dOCLCF$dOCLCQ$dOCLCO$dAGM$dAGL
=043  \\$an-usu--
=049  \\$aAGLL
=050  \0$aSD565$b.U5 1992
=070  0\$aaSD11.U5936$bno.25
=072  \0$aK200
=072  \0$aF300
=072  \0$aL300
=072  \0$aM300
=110  1\$aUnited States.$bForest Service.$bSouthern Region.$0http://id.loc.gov/authorities/names/n81015539
=245  10$aManagement strategies for the Southern Region /$cUSDA Forest Service, Southern Region.
=260  \\$aAtlanta, Ga. :$bThe Region,$c1992.
=300  \\$a17 pages :$billustrations ;$c28 cm.
=336  \\$atext$btxt$2rdacontent
=337  \\$aunmediated$bn$2rdamedia
=338  \\$avolume$bnc$2rdacarrier
=490  1\$aForestry report R8-FR ;$v8
=591  \\$bNAL Reclamation
=593  \\$fAgricola CAT
=650  \0$aForest management$zSouthern States.
=650  \0$aEcosystem management$zSouthern States.
=650  \0$aForest reserves$zSouthern States.
=650  \3$aNational forests.
=650  \3$aResource management.
=650  \3$aEcosystems.
=650  \3$amultiple land use.
=651  \3$aSoutheastern United States.
=651  \7$aSouthern States.$2fast$0(OCoLC)fst01244550
=655  \3$aInternet resource.
=776  08$iOnline version:$aUnited States. Forest Service. Southern Region.$tManagement strategies for the Southern Region.$dAtlanta, Ga. : The Region, 1992$w(OCoLC)904224578
=830  \0$aForestry report R8-FR ;$v8.
=856  41$uhttps://archive.org/details/managementstrate25unit
=912  \\$analcatalog
=930  \\$a20140812$b20140905$c00000000
=939  \\$a19990405$b19990413$c00000000
=945  \\$dsam$e99/03/01$fsp$g99/03/03$n1
=945  \\$p24
=945  \\$aDigiMet
=946  \\$aUSDA
=994  \\$a92$bAGL

