=LDR  01924cam a2200553Ia 4500
=001  9915427635107426
=005  20240624164554.0
=008  890419s1963\\\\dcuae\\\\\\\\f000\0\eng\d
=016  7\$aCAT10308675$2DNAL
=019  \\$a213772780
=035  \\$a349746
=035  \\$a(OCoLC)15794475$z(OCoLC)213772780
=035  \\$a(DNAL)349746-naldb-Voyager
=035  \\$z(OCoLC)213772780
=040  \\$aRQF$beng$cRQF$dAGL$dVIC$dOCLCQ$dOCLCF$dOCLCO$dCOD$dOCLCA$dSFR$dOCL$dWURST
=049  \\$aAGLY
=050  \0$aS21$b.A46 no.937
=070  0\$a1$bAg84M no.937
=072  \0$aL100
=072  \0$aN100
=086  0\$aA 1.38:937
=245  00$a3-stall milking plant for 20 to 40 cows.
=246  3\$aThree stall milking plant for 20 to 40 cows
=246  30$aThree stall milking plant for twenty to forty cows
=260  \\$aWashington, D.C. :$bU.S. Dept. of Agriculture,$c1963.
=300  \\$a1 sheet (2 pages) :$billustrations, plans ;$c28 cm.
=336  \\$atext$btxt$2rdacontent
=337  \\$aunmediated$bn$2rdamedia
=338  \\$asheet$bnb$2rdacarrier
=490  1\$aMiscellaneous publication / United States Department of Agriculture ;$vno. 937
=591  \\$bNAL Reclamation
=593  \\$fAgricola CAT
=650  \0$aFarm buildings$vDesigns and plans.
=650  \0$aMilking parlors$vDesigns and plans.
=655  \3$aInternet resource.
=655  \7$aArchitectural drawings.$2fast$0(OCoLC)fst01986246
=710  1\$aUnited States.$bDepartment of Agriculture.
=830  \0$aMiscellaneous publication (United States. Department of Agriculture) ;$vno. 937.
=841  \\$ax$b8709220u    0   4   uu   1870922$ez
=852  \\$aDNAL$i1 Ag84M no.937
=856  41$uhttps://archive.org/details/3stallmilkingpla937unit
=912  \\$analcatalog
=930  \\$a20140305$b20140404$c00000000
=945  \\$aUIU
=945  \\$p8
=945  \\$aDigiMet
=946  \\$aUSDA
=959  \\$c2013-04-02$essouder$gap
=994  \\$a92$bAGL

