=LDR  02439cam a2200553Ia 4500
=001  9915427638307426
=005  20240624164551.0
=008  890419s1949\\\\dcu\\\\\\\\\\f001\0\eng\d
=016  7\$aCAT10308699$2DNAL
=035  \\$a349133
=035  \\$a(OCoLC)15710278
=035  \\$a(DNAL)349133-naldb-Voyager
=040  \\$aRQF$beng$cRQF$dAGL$dVIC$dOCLCQ$dOCLCG$dOCLCQ$dOCLCF$dOCLCO$dOCLCA
=043  \\$an-us---
=049  \\$aAGLY
=050  \0$aS21$b.A46 no.683
=070  0\$a1$bAg84M no.683
=072  \0$aE700
=086  0\$aA 1.38:683
=100  1\$aHenderson, Harry W.$q(Harry William),$d1908-$0http://id.loc.gov/authorities/names/no94015252
=245  10$aPrice programs of the United States Department of Agriculture, 1949 /$c[compiled by Harry W. Henderson].
=260  \\$aWashington, D.C. :$bProduction and Marketing Administration, U.S. Dept. of Agriculture,$c1949.
=300  \\$aiii, 62 pages ;$c23 cm.
=336  \\$atext$btxt$2rdacontent
=337  \\$aunmediated$bn$2rdamedia
=338  \\$avolume$bnc$2rdacarrier
=490  1\$aMiscellaneous publication / United States Department of Agriculture ;$vno. 683
=591  \\$bNAL Reclamation
=593  \\$fAgricola CAT
=610  10$aUnited States.$bDepartment of Agriculture
=610  17$aUnited States.$bDepartment of Agriculture$2fast$0(OCoLC)fst01852329
=650  \0$aAgricultural price supports$zUnited States.$0http://id.loc.gov/authorities/subjects/sh85002393
=650  \0$aPrice regulation$zUnited States.
=651  \7$aUnited States.$2fast$0(OCoLC)fst01204155
=655  \3$aInternet resource.
=710  1\$aUnited States.$bDepartment of Agriculture.$bProduction and Marketing Administration.$0http://id.loc.gov/authorities/names/n84069564
=776  08$iOnline version:$aHenderson, Harry W. (Harry William), 1908-$tPrice programs of the United States Department of Agriculture, 1949.$dWashington, D.C. : Production and Marketing Administration, U.S. Dept. of Agriculture, 1949$w(OCoLC)834502441
=830  \0$aMiscellaneous publication (United States. Department of Agriculture) ;$vno. 683.
=841  \\$ax$b8709220u    0   4   uu   1870922$ez
=852  \\$aDNAL$i1 Ag84M no.683
=856  41$uhttps://archive.org/details/priceprogramsofu683hend
=912  \\$analcatalog
=930  \\$a20140305$b20140404$c00000000
=945  \\$aUIU
=945  \\$p70
=945  \\$aDigiMet
=946  \\$aUSDA
=959  \\$c2013-04-02$essouder$gap
=994  \\$a92$bAGL

