=LDR  01419cam a2200433 a 4500
=001  9915427647607426
=005  20240624164546.0
=008  890419s1967\\\\dcua\\\\\\\\\f00010\eng\c
=010  \\$aagr68000089  //r85
=016  7\$aCAT10308798$2DNAL
=035  \\$a(OCoLC)ocm00054108 890419
=035  \\$90308-79860
=035  \\$a349761
=035  \\$a(DNAL)349761-naldb-Voyager
=040  \\$aU.S. Nat'l Agr. Libr.$cDLC$dAGL
=049  \\$aAGLY
=070  0\$a1$bAg84M no.1062
=072  \0$aP210
=100  10$aSaveson, Irwin L.,$d1900-
=245  10$aSurface drainage of flatlands /$c[by Irwin L. Saveson].
=260  0\$aWashington, D.C. :$bAgricultural Research Service, U.S. Dept. of Agriculture,$c1967.
=300  \\$a9 p. :$bill. ;$c24 cm.
=490  0\$aMiscellaneous publication / United States Department of Agriculture ;$vno. 1062
=500  \\$aCover title.
=500  \\$a"In cooperation with Louisiana Agricultural Experiment Station."
=593  \\$fAgricola CAT
=650  \0$aDrainage.
=655  \3$aInternet resource
=841  \\$ax   $b8709220u    0   4   uu   1870922$ez
=852  \\$aDNAL$i1 Ag84M no.1062
=856  41$uhttps://archive.org/details/surfacedrainageo1062save
=912  \\$analcatalog
=930  \\$a20140305$b20140404$c00000000
=939  \\$a20130417$b20130503$c00000000
=945  \\$aUIU
=945  \\$p18
=945  \\$aDigiMet
=946  \\$aUSDA
=959  \\$c2013-04-17$essouder$gde

