=LDR  01433cam a2200445 a 4500
=001  9915427647707426
=005  20240624164548.0
=008  890419s1968\\\\dcu\\\\\\b\\\f00010\eng\c
=010  \\$aagr68000113  //r85
=016  7\$aCAT10309949$2DNAL
=035  \\$a(OCoLC)ocm00054110 890419
=035  \\$90309-94960
=035  \\$a349822
=035  \\$a(DNAL)349822-naldb-Voyager
=040  \\$aU.S. Nat'l Agr. Libr.$cDLC$dAGL
=049  \\$aAGLY
=070  0\$a1$bAg84M no.1065
=072  \0$aW000
=100  10$aWadleigh, C. H.$q(Cecil Herbert),$d1907-
=245  10$aWastes in relation to agriculture and forestry /$cby Cecil H. Wadleigh.
=260  0\$aWashington, D.C. :$bU.S. Dept. of Agriculture,$c1968.
=300  \\$aviii, 112 p. ;$c26 cm.
=490  0\$aMiscellaneous publication / United States Department of Agriculture ;$vno. 1065
=504  \\$aBibliography: p. 108-112.
=593  \\$fAgricola CAT
=650  \0$aWaste products.
=650  \0$aAgricultural wastes.
=650  \0$aForests and forestry.
=655  \3$aInternet resource
=841  \\$ax   $b8709220u    0   4   uu   1870922$ez
=852  \\$aDNAL$i1 Ag84M no.1065
=856  41$uhttps://archive.org/details/wastesinrelation1065wadl
=912  \\$analcatalog
=930  \\$a20140305$b20140404$c00000000
=939  \\$a20130417$b20130503$c00000000
=945  \\$aUIU
=945  \\$p128
=945  \\$aDigiMet
=946  \\$aUSDA
=959  \\$c2013-04-17$essouder$gde

