=LDR  02366cam a2200553Ia 4500
=001  9915427654907426
=005  20240620142354.0
=008  890419s1965\\\\dcua\\\\\\\\\f000\0\eng\d
=016  7\$aCAT10308758$2DNAL
=019  \\$a803974016
=035  \\$a349756
=035  \\$a(OCoLC)15809870$z(OCoLC)803974016
=035  \\$a(DNAL)349756-naldb-Voyager
=035  \\$z(OCoLC)803974016
=040  \\$aRQF$beng$cRQF$dAGL$dIUL$dOCLCQ$dOCLCG$dOCLCQ$dLHL$dOCLCO$dOCLCF$dNOC$dSFR$dRIU$dWURST
=043  \\$an-us---
=049  \\$aAGLY
=050  \0$aS21$b.A46 no.992
=070  0\$a1$bAg84M no.992
=072  \0$aE700
=072  \0$aQ003
=086  0\$aA 1.38:992
=100  1\$aBullock, J. Bruce,$d1940-$0http://id.loc.gov/authorities/names/n93027585
=245  10$aPrice spreads for beef /$c[by J. Bruce Bullock and Duane Hacklander].
=260  \\$aWashington, D.C. :$bMarketing Economics Division, Economic Research Service, U.S. Dept. of Agriculture,$c1965.
=300  \\$a23 pages :$billustrations ;$c26 cm.
=336  \\$atext$btxt$2rdacontent
=337  \\$aunmediated$bn$2rdamedia
=338  \\$avolume$bnc$2rdacarrier
=490  1\$aMiscellaneous publication / United States Department of Agriculture ;$vno. 992
=505  0\$aSummary. pp. 3 -- Introduction. pp. 4 -- The nature of price spread data. pp. 5 -- The spread between cattle and beef prices. pp. 6 -- Short-run price adjustments. pp. 10 -- Trends in the farm-retail spread. pp. 11 -- Examples of price spreads for beef. pp. 14.
=520  \\$aPp. 3.
=591  \\$bNAL Reclamation
=593  \\$fAgricola CAT
=650  \0$aBeef$xPrices.
=655  \3$aInternet resource.
=700  1\$aHacklander, Duane Donald,$d1939-$0http://id.loc.gov/authorities/names/n87807622
=776  08$iOnline version:$aBullock, J. Bruce, 1940-$tPrice spreads for beef.$dWashington, D.C. : Marketing Economics Division, Economic Research Service, U.S. Dept. of Agriculture, 1965$w(OCoLC)953978294
=830  \0$aMiscellaneous publication (United States. Department of Agriculture) ;$vno. 992.
=841  \\$ax   $b8709220u    0   4   uu   1870922$ez
=852  \\$aDNAL$i1 Ag84M no.992
=856  41$uhttps://archive.org/details/pricespreadsforb992bull
=912  \\$analcatalog
=930  \\$a20140305$b20140404$c00000000
=945  \\$aUIU
=945  \\$p30
=945  \\$aDigiMet
=946  \\$aUSDA
=994  \\$a92$bAGL

