=LDR  01852cam a2200517Ia 4500
=001  9915427666207426
=005  20240624164556.0
=008  890419s1961\\\\dcuae\\\\\\\\f000\0\eng\d
=016  7\$aCAT10309008$2DNAL
=019  \\$a213772797
=035  \\$a349522
=035  \\$a(OCoLC)15744187$z(OCoLC)213772797
=035  \\$a(DNAL)349522-naldb-Voyager
=035  \\$z(OCoLC)213772797
=040  \\$aRQF$beng$cRQF$dAGL$dIUL$dOCLCQ$dOCLCF$dOCLCO$dOCLCA$dSFR$dWURST
=049  \\$aAGLY
=050  \0$aS21$b.A46 no.874
=070  0\$a1$bAg84M no.874
=072  \0$aL500
=072  \0$aN100
=086  0\$aA 1.38:874
=245  00$aMineral feeder for cattle.
=260  \\$aWashington, D.C. :$bU.S. Dept. of Agriculture,$c1961.
=300  \\$a1 sheet (2 pages) :$billustrations, plans ;$c28 cm.
=336  \\$atext$btxt$2rdacontent
=337  \\$aunmediated$bn$2rdamedia
=338  \\$asheet$bnb$2rdacarrier
=490  1\$aMiscellaneous publication / United States Department of Agriculture ;$vno. 874
=591  \\$bNAL Reclamation
=593  \\$fAgricola CAT
=650  \0$aCattle$xFeeding and feeds$xEquipment and supplies.$0http://id.loc.gov/authorities/subjects/sh85021326
=655  \3$aInternet resource.
=710  1\$aUnited States.$bDepartment of Agriculture.
=776  08$iOnline version:$tMineral feeder for cattle.$dWashington, D.C. : U.S. Dept. of Agriculture, 1961$w(OCoLC)777364406
=830  \0$aMiscellaneous publication (United States. Department of Agriculture) ;$vno. 874.
=841  \\$ax$b8709220u    0   4   uu   1870922$ez
=852  \\$aDNAL$i1 Ag84M no.874
=856  41$uhttps://archive.org/details/mineralfeederfor874unit
=912  \\$analcatalog
=930  \\$a20140305$b20140404$c00000000
=945  \\$aUIU
=945  \\$p8
=945  \\$aDigiMet
=946  \\$aUSDA
=959  \\$c2013-04-02$essouder$gap
=994  \\$a92$bAGL

