=LDR  02077cam a2200541Ia 4500
=001  9915427673407426
=005  20240620142345.0
=008  890419s1961\\\\dcuae\\\\\\\\f000\0\eng\d
=016  7\$aCAT10309801$2DNAL
=019  \\$a802342104
=035  \\$a349184
=035  \\$a(OCoLC)15742868$z(OCoLC)802342104
=035  \\$a(DNAL)349184-naldb-Voyager
=035  \\$z(OCoLC)802342104
=040  \\$aRQF$beng$cRQF$dAGL$dVIC$dOCLCQ$dLHL$dOCLCO$dOCLCF$dOCLCO$dSFR$dOCLCA$dGILDS$dOCL
=043  \\$an-us---
=049  \\$aAGLY
=050  \0$aS21$b.A46 no.842
=070  0\$a1$bAg84M no.842
=072  \0$aN100
=086  0\$aA 1.38:842
=245  00$a3-bedroom farmhouse with attached two-car garage /$c[developed by Agricultural Engineering Research Division, Agricultural Research Service].
=246  30$aThree bedroom farmhouse with attached two car garage
=260  \\$aWashington, D.C. :$bU.S. Dept. of Agriculture,$c1961.
=300  \\$a1 sheet [2] pages :$billustrations, plans ;$c28 cm.
=336  \\$atext$btxt$2rdacontent
=337  \\$aunmediated$bn$2rdamedia
=338  \\$asheet$bnb$2rdacarrier
=490  1\$aMiscellaneous publication / United States Department of Agriculture ;$vno. 842
=591  \\$bNAL Reclamation
=593  \\$fAgricola CAT
=650  \0$aFarmhouses$vDesigns and plans.
=655  \3$aInternet resource.
=655  \4$aDesigns and plans.
=655  \7$aArchitectural drawings.$2fast$0(OCoLC)fst01986246
=710  1\$aUnited States.$bAgricultural Research Service.
=776  08$iOnline version:$t3-bedroom farmhouse with attached two-car garage.$dWashington, D.C. : U.S. Dept. of Agriculture, 1961$w(OCoLC)1084465219
=830  \0$aMiscellaneous publication (United States. Department of Agriculture) ;$vno. 842.
=841  \\$ax   $b8709220u    0   4   uu   1870922$ez
=852  \\$aDNAL$i1 Ag84M no.842
=856  41$uhttps://archive.org/details/3bedroomfarmhous842unit
=912  \\$analcatalog
=930  \\$a20140305$b20140404$c00000000
=945  \\$aUIU
=945  \\$p8
=945  \\$aDigiMet
=946  \\$aUSDA
=994  \\$a92$bAGL

