=LDR  01647cam a2200493Ia 4500
=001  9915427684107426
=005  20240624164557.0
=008  890419s1958\\\\dcuae\\\\\\\\f000\0\eng\d
=016  7\$aCAT10308783$2DNAL
=035  \\$a349491
=035  \\$a(OCoLC)15727240
=035  \\$a(DNAL)349491-naldb-Voyager
=040  \\$aRQF$beng$cRQF$dAGL$dIUL$dOCLCQ$dPHA$dOCLCA$dOCLCQ$dOCLCF$dOCLCO$dOCLCA$dSFR$dOCL
=049  \\$aAGLY
=050  \0$aS21$b.A46 no.763
=070  0\$a1$bAg84M no.763
=072  \0$aL500
=072  \0$aN100
=086  0\$aA 1.38:763
=245  00$aCattle squeeze chute.
=260  \\$aWashington, D.C. :$bU.S. Dept. of Agriculture,$c1958.
=300  \\$a2 pages :$billustrations, plans ;$c28 cm.
=336  \\$atext$btxt$2rdacontent
=337  \\$aunmediated$bn$2rdamedia
=338  \\$avolume$bnc$2rdacarrier
=490  1\$aMiscellaneous publication / United States Department of Agriculture ;$vno. 763
=591  \\$bNAL Reclamation
=593  \\$fAgricola CAT
=650  \0$aFarm buildings$vDesigns and plans.
=655  \3$aInternet resource.
=655  \7$aArchitectural drawings.$2fast$0(OCoLC)fst01986246
=710  1\$aUnited States.$bDepartment of Agriculture.
=830  \0$aMiscellaneous publication (United States. Department of Agriculture) ;$vno. 763.
=841  \\$ax$b8709220u    0   4   uu   1870922$ez
=852  \\$aDNAL$i1 Ag84M no.763
=856  41$uhttps://archive.org/details/cattlesqueezechu763unit
=912  \\$analcatalog
=930  \\$a20140305$b20140404$c00000000
=945  \\$aUIU
=945  \\$p8
=945  \\$aDigiMet
=946  \\$aUSDA
=959  \\$c2013-04-02$essouder$gap
=994  \\$a92$bAGL

