=LDR  02436cam a2200553Ia 4500
=001  9915427690907426
=005  20240624164559.0
=008  890419s1964\\\\dcuae\\\\\\\\f000\0\eng\d
=016  7\$aCAT10309062$2DNAL
=019  \\$a803955841
=035  \\$a349791
=035  \\$a(OCoLC)15809773$z(OCoLC)803955841
=035  \\$a(DNAL)349791-naldb-Voyager
=035  \\$z(OCoLC)803955841
=040  \\$aRQF$beng$cRQF$dAGL$dVIC$dOCLCQ$dLHL$dOCLCO$dOCLCF$dOCLCO$dNOC$dOCLCA$dSFR$dWURST
=043  \\$an-us---
=049  \\$aAGLY
=050  \0$aS21$b.A46 no.980
=070  0\$a1$bAg84M no.980
=072  \0$aU100
=086  0\$aA 1.38:980
=245  00$aHousehold linen storage.
=260  \\$aWashington, D.C. :$bU.S. Dept. of Agriculture,$c1964.
=300  \\$a4 pages :$billustrations, plans ;$c28 cm.
=336  \\$atext$btxt$2rdacontent
=337  \\$aunmediated$bn$2rdamedia
=338  \\$avolume$bnc$2rdacarrier
=490  1\$aMiscellaneous publication / United States Department of Agriculture ;$vno. 980
=505  0\$aTable linens. pp. 1 -- Bedding. pp. 2 -- Bath linens. pp. 3 -- Beeding and bath linens. pp. 4.
=520  3\$aFor convenience, household linens should be stored at or near the place where they are most likely to be used --table linens in the dining area, sheets and pillowcases near the bedrooms, and bath towels in or near the bathroom. Designs for storage units that provide the necessary space are shown, or you can develop other designs by using the interior dimensions given and make allowances for the type of construction you plan to use.
=591  \\$bNAL Reclamation
=593  \\$fAgricola CAT
=650  \0$aHousehold linens$xStorage.
=650  \0$aStorage in the home.$0http://id.loc.gov/authorities/subjects/sh85128361
=655  \3$aInternet resource.
=710  1\$aUnited States.$bDepartment of Agriculture.
=776  08$iOnline version:$tHousehold linen storage.$dWashington, D.C. : U.S. Dept. of Agriculture, 1964$w(OCoLC)760242190
=830  \0$aMiscellaneous publication (United States. Department of Agriculture) ;$vno. 980.
=841  \\$ax$b8709220u    0   4   uu   1870922$ez
=852  \\$aDNAL$i1 Ag84M no.980
=856  41$uhttps://archive.org/details/householdlinenst980unit
=912  \\$analcatalog
=930  \\$a20140305$b20140404$c00000000
=945  \\$aUIU
=945  \\$p10
=945  \\$aDigiMet
=946  \\$aUSDA
=959  \\$c2013-04-02$essouder$gap
=994  \\$a92$bAGL

