=LDR  01784cam a2200493Ia 4500
=001  9915427696207426
=005  20240624164557.0
=008  890419s1959\\\\dcuae\\\\\\\\f000\0\eng\d
=016  7\$aCAT10310412$2DNAL
=035  \\$a349345
=035  \\$a(OCoLC)15727546
=035  \\$a(DNAL)349345-naldb-Voyager
=040  \\$aRQF$beng$cRQF$dAGL$dIUL$dOCLCQ$dPHA$dOCLCA$dOCLCQ$dOCLCF$dOCLCO$dOCLCA$dSFR
=049  \\$aAGLY
=050  \0$aS21$b.A46 no.789
=070  0\$a1$bAg84M no.789
=072  \0$aL500
=072  \0$aN100
=086  0\$aA 1.38:789
=245  00$aFence-line feeder for cattle.
=260  \\$aWashington, D.C. :$bU.S. Dept. of Agriculture,$c1959.
=300  \\$a1 sheet :$billustrations, 1 plan ;$c28 cm.
=336  \\$atext$btxt$2rdacontent
=337  \\$aunmediated$bn$2rdamedia
=338  \\$asheet$bnb$2rdacarrier
=490  1\$aMiscellaneous publication / United States Department of Agriculture ;$vno. 789
=591  \\$bNAL Reclamation
=593  \\$fAgricola CAT
=650  \0$aCattle$xFeeding and feeds$xEquipment and supplies.$0http://id.loc.gov/authorities/subjects/sh85021326
=655  \3$aInternet resource.
=710  1\$aUnited States.$bDepartment of Agriculture.
=776  08$iOnline version:$tFence-line feeder for cattle.$dWashington, D.C. : U.S. Dept. of Agriculture, 1959$w(OCoLC)755160167
=830  \0$aMiscellaneous publication (United States. Department of Agriculture) ;$vno. 789.
=841  \\$ax$b8709220u    0   4   uu   1870922$ez
=852  \\$aDNAL$i1 Ag84M no.789
=856  41$uhttps://archive.org/details/fencelinefeederf789unit
=912  \\$analcatalog
=930  \\$a20140305$b20140404$c00000000
=945  \\$aUIU
=945  \\$p8
=945  \\$aDigiMet
=946  \\$aUSDA
=959  \\$c2013-04-02$essouder$gap
=994  \\$a92$bAGL

