=LDR  02098cam a2200505Ia 4500
=001  9915427698307426
=005  20240620142343.0
=008  890419s1963\\\\dcuae\\\\\\\\f000\0\eng\d
=016  7\$aCAT10310506$2DNAL
=035  \\$a349607
=035  \\$a(OCoLC)15794624
=035  \\$a(DNAL)349607-naldb-Voyager
=040  \\$aRQF$beng$cRQF$dAGL$dIUL$dOCLCQ$dOCLCG$dOCLCQ$dOCLCF$dOCLCO$dOCLCA$dSFR$dOCL
=049  \\$aAGLY
=050  \0$aS21$b.A46 no.944
=070  0\$a1$bAg84M no.944
=072  \0$aU100
=086  0\$aA 1.38:944
=100  1\$aHoward, Mildred S.$q(Mildred Stenswick),$d1909-$0http://id.loc.gov/authorities/names/no99035283
=245  10$aCorner storage in kitchens /$c[prepared by Mildred S. Howard, Genevieve K. Tayloe, and W. Russell Parker].
=260  \\$aWashington, D.C. :$bU.S. Dept. of Agriculture,$c1963.
=300  \\$a4 pages :$billustrations, plans ;$c28 cm.
=336  \\$atext$btxt$2rdacontent
=337  \\$aunmediated$bn$2rdamedia
=338  \\$avolume$bnc$2rdacarrier
=490  1\$aMiscellaneous publication / United States Department of Agriculture ;$vno. 944
=591  \\$bNAL Reclamation
=593  \\$fAgricola CAT
=650  \0$aKitchens$vDesigns and plans.
=655  \3$aInternet resource.
=655  \7$aArchitectural drawings.$2fast$0(OCoLC)fst01986246
=700  1\$aTayloe, Genevieve K.$q(Genevieve Kent),$d1922-$0http://id.loc.gov/authorities/names/no99035340
=700  1\$aParker, W. Russell,$d1909-$0http://id.loc.gov/authorities/names/no2011153366
=776  08$iOnline version:$aHoward, Mildred S. (Mildred Stenswick), 1909-$tCorner storage in kitchens.$dWashington, D.C. : U.S. Dept. of Agriculture, 1963$w(OCoLC)755251188
=830  \0$aMiscellaneous publication (United States. Department of Agriculture) ;$vno. 944.
=841  \\$ax   $b8709220u    0   4   uu   1870922$ez
=852  \\$aDNAL$i1 Ag84M no.944
=856  41$uhttps://archive.org/details/cornerstorageink944howa
=912  \\$analcatalog
=930  \\$a20140305$b20140404$c00000000
=945  \\$aUIU
=945  \\$p8
=945  \\$aDigiMet
=946  \\$aUSDA
=994  \\$a92$bAGL

