=LDR  01875cam a2200541Ia 4500
=001  9915427702107426
=005  20240624164548.0
=008  890419s1966\\\\dcuae\\\\\\\\f000\0\eng\d
=016  7\$aCAT10309110$2DNAL
=019  \\$a213772978
=035  \\$a349534
=035  \\$a(OCoLC)15862104$z(OCoLC)213772978
=035  \\$a(DNAL)349534-naldb-Voyager
=035  \\$z(OCoLC)213772978
=040  \\$aRQF$beng$cRQF$dAGL$dIUL$dOCLCQ$dOCLCF$dOCLCO$dOCLCA$dCSF$dOCLCA$dGPO$dWURST
=049  \\$aAGLY
=050  \0$aS21$b.A46 no.1023
=070  0\$a1$bAg84M no.1023
=072  \0$aJ500
=072  \0$aN100
=074  \\$a0013-A
=086  0\$aA 1.38:1023
=245  00$aCircular concrete manure tank.
=260  \\$aWashington, D.C. :$bU.S. Dept. of Agriculture,$c1966.
=300  \\$a1 sheet (2 pages) :$billustrations, plans ;$c1966.
=336  \\$atext$btxt$2rdacontent
=337  \\$aunmediated$bn$2rdamedia
=338  \\$asheet$bnb$2rdacarrier
=490  1\$aMiscellaneous publication / United States Department of Agriculture ;$vno. 1023
=591  \\$bNAL Reclamation
=593  \\$fAgricola CAT
=650  \0$aManures$xStorage.
=650  \0$aManure handling$xEquipment and supplies.
=655  \3$aInternet resource.
=710  1\$aUnited States.$bDepartment of Agriculture.
=776  08$iOnline version:$tCircular concrete manure tank.$dWashington, D.C. : U.S. Dept. of Agriculture, 1966$w(OCoLC)1084025817
=830  \0$aMiscellaneous publication (United States. Department of Agriculture) ;$vno. 1023.
=841  \\$ax$b8709220u    0   4   uu   1870922$ez
=852  \\$aDNAL$i1 Ag84M no.1023
=856  41$uhttps://archive.org/details/circularconcrete1023unit
=912  \\$analcatalog
=930  \\$a20140305$b20140404$c00000000
=945  \\$aUIU
=945  \\$p8
=945  \\$aDigiMet
=946  \\$aUSDA
=959  \\$c2013-04-02$essouder$gap
=994  \\$a92$bAGL

