=LDR  01815cam a2200517Ia 4500
=001  9915427702907426
=005  20240624164554.0
=008  890419s1968\\\\dcuae\\\\\\\\f000\0\eng\d
=016  7\$aCAT10309250$2DNAL
=019  \\$a213772829
=035  \\$a349802
=035  \\$a(OCoLC)15874104$z(OCoLC)213772829
=035  \\$a(DNAL)349802-naldb-Voyager
=035  \\$z(OCoLC)213772829
=040  \\$aRQF$beng$cRQF$dAGL$dVIC$dOCLCQ$dOCLCF$dOCLCO$dOCLCA$dSFR$dOCL
=049  \\$aAGLY
=050  \0$aS21$b.A46 no.1079
=070  0\$a1$bAg84M no.1079
=072  \0$aU100
=086  0\$aA 1.38:1079
=245  00$aPole-frame cabin.
=260  \\$aWashington, D.C. :$bU.S. Dept. of Agriculture,$c1968.
=300  \\$a1 sheet (2 pages) :$billustrations, plans ;$c26 cm.
=336  \\$atext$btxt$2rdacontent
=337  \\$aunmediated$bn$2rdamedia
=338  \\$asheet$bnb$2rdacarrier
=490  1\$aMiscellaneous publication / United States Department of Agriculture ;$vno. 1079
=591  \\$bNAL Reclamation
=593  \\$fAgricola CAT
=650  \0$aVacation homes$vDesigns and plans.
=655  \3$aInternet resource.
=655  \7$aArchitectural drawings.$2fast$0(OCoLC)fst01986246
=710  1\$aUnited States.$bDepartment of Agriculture.
=776  08$iOnline version:$tPole-frame cabin.$dWashington, D.C. : U.S. Dept. of Agriculture, 1968$w(OCoLC)760069820
=830  \0$aMiscellaneous publication (United States. Department of Agriculture) ;$vno. 1079.
=841  \\$ax$b8709220u    0   4   uu   1870922$ez
=852  \\$aDNAL$i1 Ag84M no.1079
=856  41$uhttps://archive.org/details/poleframecabin1079unit
=912  \\$analcatalog
=930  \\$a20140305$b20140404$c00000000
=945  \\$aUIU
=945  \\$p8
=945  \\$aDigiMet
=946  \\$aUSDA
=959  \\$c2013-04-02$essouder$gap
=994  \\$a92$bAGL

