=LDR  02005cam a2200565Ia 4500
=001  9915427705707426
=005  20240624164548.0
=008  890419s1966\\\\dcuae\\\\\\\\f000\0\eng\d
=016  7\$aCAT10309281$2DNAL
=019  \\$a213772683
=035  \\$a349543
=035  \\$a(OCoLC)15862190$z(OCoLC)213772683
=035  \\$a(DNAL)349543-naldb-Voyager
=035  \\$z(OCoLC)213772683
=040  \\$aRQF$beng$cRQF$dAGL$dIUL$dOCLCQ$dOCLCF$dOCLCO$dOCLCA$dOCL$dGPO$dWURST
=049  \\$aAGLY
=050  \0$aS21$b.A46 no.1026
=070  0\$a1$bAg84M no.1026
=072  \0$aL500
=072  \0$aN100
=074  \\$a0013-A
=086  0\$aA 1.38:1026
=245  00$aFeeding floor for 200 pigs.
=246  3\$aFeeding floor for two hundred pigs
=260  \\$aWashington, D.C. :$bU.S. Dept. of Agriculture,$c1966.
=300  \\$a1 sheet (2 pages) :$billustrations, plans ;$c28 cm.
=336  \\$atext$btxt$2rdacontent
=337  \\$aunmediated$bn$2rdamedia
=338  \\$asheet$bnb$2rdacarrier
=490  1\$aMiscellaneous publication / United States Department of Agriculture ;$vno. 1026
=591  \\$bNAL Reclamation
=593  \\$fAgricola CAT
=650  \0$aSwine$xFeeding and feeds$xEquipment and supplies.
=650  \0$aFarm buildings$vDesigns and plans.
=655  \3$aInternet resource.
=655  \7$aArchitectural drawings.$2fast$0(OCoLC)fst01986246
=710  1\$aUnited States.$bDepartment of Agriculture.
=776  08$iOnline version:$tFeeding floor for 200 pigs.$dWashington, D.C. : U.S. Dept. of Agriculture, 1966$w(OCoLC)755263589
=830  \0$aMiscellaneous publication (United States. Department of Agriculture) ;$vno. 1026.
=841  \\$ax$b8709220u    0   4   uu   1870922$ez
=852  \\$aDNAL$i1 Ag84M no.1026
=856  41$uhttps://archive.org/details/feedingfloorfor21026unit
=912  \\$analcatalog
=930  \\$a20140305$b20140404$c00000000
=945  \\$aUIU
=945  \\$p8
=945  \\$aDigiMet
=946  \\$aUSDA
=959  \\$c2013-04-02$essouder$gap
=994  \\$a92$bAGL

