=LDR  01828cam a2200529Ia 4500
=001  9915427810707426
=005  20240624164633.0
=008  890419s1966\\\\dcuae\\\\\\\\f000\0\eng\d
=016  7\$aCAT10310596$2DNAL
=019  \\$a213772741
=035  \\$a349356
=035  \\$a(OCoLC)15861788$z(OCoLC)213772741
=035  \\$a(DNAL)349356-naldb-Voyager
=035  \\$z(OCoLC)213772741
=040  \\$aRQF$beng$cRQF$dAGL$dIUL$dOCLCQ$dOCLCF$dOCLCO$dOCLCA$dSFR$dGPO$dWURST
=049  \\$aAGLY
=050  \0$aS21$b.A46 no.1017
=070  0\$a1$bAg84M no.1017
=072  \0$aE700
=072  \0$aN100
=074  \\$a0013-A
=086  0\$aA 1.38:1017
=245  00$aDisplay stands for farm produce.
=260  \\$aWashington, D.C. :$bU.S. Dept. of Agriculture,$c1966.
=300  \\$a1 sheet (2 pages) :$billustrations, plans ;$c28 cm.
=336  \\$atext$btxt$2rdacontent
=337  \\$aunmediated$bn$2rdamedia
=338  \\$asheet$bnb$2rdacarrier
=490  1\$aMiscellaneous publication / United States Department of Agriculture ;$vno. 1017
=591  \\$bNAL Reclamation
=593  \\$fAgricola CAT
=650  \0$aDisplay of merchandise.$0http://id.loc.gov/authorities/subjects/sh85038471
=650  \0$aFarm produce$xMarketing.$0http://id.loc.gov/authorities/subjects/sh85047242
=655  \3$aInternet resource.
=710  1\$aUnited States.$bDepartment of Agriculture.
=830  \0$aMiscellaneous publication (United States. Department of Agriculture) ;$vno. 1017.
=841  \\$ax$b8709220u    0   4   uu   1870922$ez
=852  \\$aDNAL$i1 Ag84M no.1017
=856  41$uhttps://archive.org/details/displaystandsfor1017unit
=912  \\$analcatalog
=930  \\$a20140305$b20140404$c00000000
=945  \\$aUIU
=945  \\$p8
=945  \\$aDigiMet
=946  \\$aUSDA
=959  \\$c2013-04-02$essouder$gap
=994  \\$a92$bAGL

