=LDR  01771cam a2200493Ia 4500
=001  9915427825407426
=005  20240624164629.0
=008  890419s1959\\\\dcua\\\\\\\\\f000\0\eng\d
=016  7\$aCAT10309729$2DNAL
=035  \\$a349180
=035  \\$a(OCoLC)15742387
=035  \\$a(DNAL)349180-naldb-Voyager
=040  \\$aRQF$beng$cRQF$dAGL$dIUL$dOCLCQ$dOCLCF$dOCLCO$dOCLCA$dSFR
=049  \\$aAGLY
=050  \0$aS21$b.A46 no.802
=070  0\$a1$bAg84M no.802
=072  \0$aL500
=072  \0$aN100
=086  0\$aA 1.38:802
=245  00$aCovered feeder for cattle, type "B."
=260  \\$aWashington, D.C. :$bU.S. Dept. of Agriculture,$c1959.
=300  \\$a1 sheet :$billustrations ;$c26 cm.
=336  \\$atext$btxt$2rdacontent
=337  \\$aunmediated$bn$2rdamedia
=338  \\$asheet$bnb$2rdacarrier
=490  1\$aMiscellaneous publication / United States Department of Agriculture ;$vno. 802
=591  \\$bNAL Reclamation
=593  \\$fAgricola CAT
=650  \0$aCattle$xFeeding and feeds$xEquipment and supplies.$0http://id.loc.gov/authorities/subjects/sh85021326
=655  \3$aInternet resource.
=710  1\$aUnited States.$bDepartment of Agriculture.
=776  08$iOnline version:$tCovered feeder for cattle, type "B."$dWashington, D.C. : U.S. Dept. of Agriculture, 1959$w(OCoLC)985020776
=830  \0$aMiscellaneous publication (United States. Department of Agriculture) ;$vno. 802.
=841  \\$ax$b8709220u    0   4   uu   1870922$ez
=852  \\$aDNAL$i1 Ag84M no.802
=856  41$uhttps://archive.org/details/coveredfeederfor802unit
=912  \\$analcatalog
=930  \\$a20140305$b20140404$c00000000
=945  \\$aUIU
=945  \\$p8
=945  \\$aDigiMet
=946  \\$aUSDA
=959  \\$c2013-04-02$essouder$gap
=994  \\$a92$bAGL

