=LDR  01467cam a2200457Ia 4500
=001  9915429138607426
=005  20240620144357.0
=008  970310s1975\\\\paua\\\\\\\\\f000\0\eng\d
=016  7\$aCAT10823339$2DNAL
=020  \\$qpbk.
=035  \\$a(OCoLC)ocm02352527 030715
=035  \\$a792443
=035  \\$a(DNAL)792443-naldb-Voyager
=040  \\$aGPO$cGPO$dOCL$dAGL
=043  \\$an-us-nj
=049  \\$aAGLL
=070  0\$aA99.9$bF7622Uf no.39
=072  \0$aK250
=086  0\$aA 13.80:NE-39
=100  0\$aKingsley, Neal P.
=245  14$aThe forest-land owners of New Jersey /$cby Neal P. Kingsley.
=260  \\$aUpper Darby, Pa. :$bU.S. Dept. of Agriculture, Forest Service, Northeastern Forest Experiment Station,$c1975.
=300  \\$a24 p. :$bgraphs ;$c27 cm.
=490  1\$aUSDA Forest Service resource bulletin  NE ;$v39
=500  \\$aCover title.
=500  \\$aTables.
=500  \\$aIncludes appendix.
=500  \\$aItem 83-B
=593  \\$fAgricola CAT
=650  00$aForests and forestry$zNew Jersey.
=655  \3$aInternet resource
=710  2\$aNortheastern Forest Experiment Station (Radnor, Pa.)
=830  \0$aU.S.D.A. Forest Service resource bulletin NE$v39.
=856  40$uhttps://archive.org/details/forestlandowners39king
=912  \\$analcatalog
=930  \\$a20140207$b20140307$c00000000
=939  \\$a19970401$b19970408$c00000000
=945  \\$dhw$e97/03/10$fhw$g97/03/10$n1
=945  \\$p36
=945  \\$aDigiMet
=946  \\$aUSDA

