=LDR  01677cam a2200481Ia 4500
=001  9915429149107426
=005  20240620144407.0
=008  970314s1948\\\\laua\\\\\s\\\f000\0\eng\d
=016  7\$aCAT10823349$2DNAL
=035  \\$a792839
=035  \\$a(OCoLC)23947993
=035  \\$a(DNAL)792839-naldb-Voyager
=040  \\$aEMU$beng$cEMU$dOCL$dAGL$dOCL$dOCLCQ$dOCLCG$dOCLCQ$dOCLCF$dOCLCQ$dOCLCO
=043  \\$an-us---
=049  \\$aAGLL
=070  0\$aaTS1540.E94$b1948
=072  \0$aS100
=072  \0$aS200
=100  1\$aEvans, Robert B.,$d1912-$0http://id.loc.gov/authorities/names/n79018478
=245  10$aTrends in the consumption of fibers in the United States, 1892-1946 /$cby Robert B. Evans and Barkley Meadows.
=250  \\$aPrelim. ed.
=260  \\$aNew Orleans :$bU.S. Dept. of Agriculture, Southern Regional Research Laboratory,$c[1948]
=300  \\$a9, 108 pages :$billustrations ;$c27 cm
=336  \\$atext$btxt$2rdacontent
=337  \\$aunmediated$bn$2rdamedia
=338  \\$avolume$bnc$2rdacarrier
=591  \\$bNAL Reclamation
=593  \\$fAgricola CAT
=650  \0$aTextile fibers$zUnited States$vStatistics.
=650  \0$aTextile fiber industry$zUnited States.
=651  \7$aUnited States.$2fast$0(OCoLC)fst01204155
=655  \3$aInternet resource.
=655  \7$aStatistics.$2fast$0(OCoLC)fst01423727
=700  1\$aMeadows, Barkley,$d1921-
=856  41$uhttps://archive.org/details/trendsinconsumpt93evan_0
=912  \\$analcatalog
=930  \\$a20140305$b20140404$c00000000
=939  \\$a19970401$b19970408$c00000000
=945  \\$dDF$e97/03/13$fEJ$g97/03/14
=945  \\$p128
=945  \\$aDigiMet
=946  \\$aUSDA
=994  \\$a92$bAGL

