=LDR  01339cam a2200409 a 4500
=001  9915429294907426
=005  20240620144446.0
=008  970314s1971\\\\paua\\\\\b\\\\000\0\eng\\
=010  \\$a   72601684  //r90
=016  7\$aCAT10823866$2DNAL
=035  \\$a(OCoLC)ocm00496514 970315
=035  \\$90823-86660
=035  \\$a792841
=035  \\$a(DNAL)792841-naldb-Voyager
=040  \\$aDLC$cDLC$dAGL
=043  \\$an-use--
=049  \\$aAGLL
=070  0\$aA99.9$bF7622Uf no.23
=072  \0$aK530
=086  0\$aA 13.80:NE-23
=100  1\$aKingsley, Neal P.
=245  10$aPulpwood in the Northeast :$bpast, present & future /$cby Neal P. Kingsley.
=260  \\$aUpper Darby, Pa. :$bNortheastern Forest Experiment Station, Forest Service, U.S. Dept. of Agriculture,$c1971.
=300  \\$a21 p. :$bill. ;$c23 cm.
=440  \0$aU.S.D.A. Forest Service resource bulletin NE$v23
=504  \\$aIncludes bibliographical references (p. 20-21).
=593  \\$fAgricola CAT
=650  \0$aWood-pulp industry$zNortheastern States.
=655  \3$aInternet resource
=856  41$uhttps://archive.org/details/pulpwoodinnorthe23king
=912  \\$analcatalog
=930  \\$a20140207$b20140307$c00000000
=939  \\$a19970401$b19970408$c00000000
=945  \\$dAR$e97/03/13$fAR$g97/03/13$n1
=945  \\$p36
=945  \\$aDigiMet
=946  \\$aUSDA

