=LDR  01668cam a2200457Ia 4500
=001  9915429313207426
=005  20240624170029.0
=008  970314s1938\\\\dcub\\\\\\\\\\000\0\eng\d
=016  7\$aCAT10823867$2DNAL
=035  \\$a(OCoLC)ocm04146894 970315
=035  \\$90823-86760
=035  \\$a792842
=035  \\$a(DNAL)792842-naldb-Voyager
=040  \\$aAPL$cAPL$dOCL$dAGL
=049  \\$aAGLL
=070  0\$a1.95$bSo1 no.8
=072  \0$aE500
=100  1\$aTaylor, Carl C.$q(Carl Cleveland),$d1884-1975.
=245  10$aDisadvantaged classes in American agriculture /$cby Carl C. Taylor, Helen W. Wheeler, and E.L. Kirkpatrick.
=260  \\$aWashington, D.C. :$bUnited Dept. of Agriculture, The Farm Security Administration and The Bureau of Agricultural Economics cooperating,$c[1938]
=300  \\$a124 p. :$bmaps ;$c28 cm.
=440  \0$aSocial research report ;$vno. VIII
=500  \\$aCover title.
=500  \\$a"April 1938."
=593  \\$fAgricola CAT
=650  \0$aRural families$zUnited States$xEconomic conditions.
=650  \0$aAgricultural laborers$zUnited States$xEconomic conditions.
=650  \0$aFarm tenancy$zUnited States$xEconomic conditions.
=655  \3$aInternet resource
=700  1\$aWheeler, Helen W.,$d1910-
=700  1\$aKirkpatrick, E. L.$q(Ellis Lore),$d1884-
=856  41$uhttps://archive.org/details/disadvantagedcla08tayl
=912  \\$analcatalog
=930  \\$a20140411$b20140502$c00000000
=939  \\$a20091001$b20091002$c00000000
=939  \\$a19970401$b19970408$c00000000
=945  \\$dAR$e97/03/14$fAR$g97/03/14$n1
=945  \\$p132
=945  \\$aDigiMet
=946  \\$aOther US
=959  \\$c2009-10-01$eryounger$gap

