=LDR  02158cam a2200565Ia 4500
=001  9915429968507426
=005  20240624171025.0
=007  he\bmb024baca
=008  981029s1996\\\\orua\\\\bb\\\f000\0\eng\d
=016  7\$aCAT10857012$2DNAL
=019  \\$a1225738394
=035  \\$a811123
=035  \\$a(OCoLC)38880850$z(OCoLC)1225738394
=035  \\$a(DNAL)811123-naldb-Voyager
=035  \\$z(OCoLC)1225738394
=040  \\$aGPO$beng$cGPO$dOCLCQ$dOCLCO$dOCLCF$dOCLCQ$dVPI$dUOK$dOCLCQ$dAGL
=043  \\$an-us-or
=049  \\$aAGLL
=050  \0$aSD11$b.A45614 no.490
=070  0\$aFiche$bS-133 (A 13.78:PNW-RP-490 )
=072  \\$aJ500
=074  \\$a0083-B (MF)
=086  0\$aA 13.78:PNW-RP-490
=100  1\$aMiller, Richard E.
=245  10$aAmmonium nitrate, urea, and biuret fertilizers increase volume growth of 57-year-old Douglas-fir trees within a gradient of nitrogen deficiency /$cRichard E. Miller, Donald L. Reukema, and John W. Hazard.
=260  \\$aPortland, Or. :$bU.S. Dept. of Agriculture, Forest Service, Pacific Northwest Research Station,$c[1996]
=300  \\$a12 pages :$billustrations ;$c28 cm
=336  \\$atext$btxt$2rdacontent
=337  \\$amicroform$bh$2rdamedia
=338  \\$amicrofiche$bhe$2rdacarrier
=490  1\$aResearch paper PNW ;$vRP-490
=504  \\$aIncludes bibliographical references (pages 11-12).
=530  \\$aAlso available in print (NAL call. no.: A99.9$b.F7625Uni no. 490)
=533  \\$aMicrofiche.$b[Washington, D.C.?] :$cSupt. of Docs., U.S. G.P.O.,$d[1997].$e1 microfiche : negative.
=591  \\$bNAL Reclamation
=593  \\$fAgricola CAT
=650  \0$aDouglas fir$xFertilizers.
=700  1\$aReukema, Donald L.
=700  1\$aHazard, John W.
=710  2\$aPacific Northwest Research Station (Portland, Or.)$0http://id.loc.gov/authorities/names/n85303399
=830  \0$aResearch paper PNW ;$v490.
=856  41$uhttps://archive.org/details/CAT10857012
=912  \\$analcatalog
=930  \\$a20070608$b20070702$c00000000
=939  \\$a19981102$b19981110$c00000000
=945  \\$aDigiMet
=945  \\$p24
=946  \\$aUSDA
=959  \\$c2014-10-03$essouder$gurl
=994  \\$a92$bAGL

