=LDR  02058cam a2200553Ia 4500
=001  9915430043907426
=005  20240620145705.0
=008  890419s1929\\\\dcu\\\\\\b\\\f000\0\eng\d
=016  7\$aCAT10306325$2DNAL
=035  \\$a344630
=035  \\$a(OCoLC)15540402
=035  \\$a(DNAL)344630-naldb-Voyager
=040  \\$aRQF$beng$cRQF$dAGL$dOCL$dOCLCQ$dOCLCO$dOCLCA$dOCLCF$dCOD$dOCLCA$dSFR$dUAB
=043  \\$an-us---
=049  \\$aAGLY
=050  00$aHD9433.U4$bG5
=070  \\$a1$bAg84M no.33
=072  \0$aE710
=072  \0$aQ003
=086  0\$aA 1.38:32
=086  0\$aA 1.38:33
=100  1\$aGibbons, C. E.$q(Clarence Edward),$d1879-
=245  10$aAdvantages of standards for livestock and meats /$cby C.E. Gibbons.
=260  \\$aWashington, D.C. :$bU.S. Dept. of Agriculture,$c1928.
=300  \\$a14 pages ;$c23 cm.
=336  \\$atext$btxt$2rdacontent
=337  \\$aunmediated$bn$2rdamedia
=338  \\$avolume$bnc$2rdacarrier
=490  1\$aMiscellaneous publication / United States Department of Agriculture ;$vno. 33
=504  \\$aIncludes bibliographical references (page 14).
=591  \\$bNAL Reclamation
=593  \\$fAgricola CAT
=650  \0$aLivestock$xStandards.
=650  \0$aLivestock$xMarketing.$0http://id.loc.gov/authorities/subjects/sh85077800
=650  \0$aMeat$xStandards.
=650  \0$aMeat industry and trade.$0http://id.loc.gov/authorities/subjects/sh85082738
=655  \3$aInternet resource.
=776  08$iOnline version:$aGibbons, C. E. (Clarence Edward), 1879-$tAdvantages of standards for livestock and meats.$dWashington, D.C. : U.S. Dept. of Agriculture, 1928$w(OCoLC)989722406
=830  \0$aMiscellaneous publication (United States. Department of Agriculture) ;$vno. 33.
=841  \\$ax   $b8709220u    0   4   uu   1870922$ez
=852  \\$aDNAL$i1 Ag84M no.33
=856  41$uhttps://archive.org/details/advantagesofstan33gibb
=912  \\$analcatalog
=930  \\$a20140305$b20140404$c00000000
=945  \\$aUIU
=945  \\$p20
=945  \\$aDigiMet
=946  \\$aUSDA
=994  \\$a92$bAGL

