=LDR  02550cam a2200577Ia 4500
=001  9915430083507426
=005  20240624171026.0
=008  890419s1931\\\\dcu\\\\\\b\\\f000\0\eng\c
=010  \\$aagr31001042 
=016  7\$aCAT10306778$2DNAL
=019  \\$a798575284
=035  \\$a344463
=035  \\$a(OCoLC)08863251$z(OCoLC)798575284
=035  \\$a(DNAL)344463-naldb-Voyager
=035  \\$z(OCoLC)798575284
=040  \\$aLibrary, U.S. Dept. of Agriculture$beng$cMPC$dMPC$dAGL$dIUL$dOCLCQ$dCLU$dOCLCF$dOCLCQ$dOCLCO$dLHL$dNOC$dOCLCA
=043  \\$an-us---
=049  \\$aAGLY
=050  00$aS21$b.A46 no.127
=070  \\$a1$bAg84M no.127
=072  \0$aL100
=086  0\$aA 1.38:127
=100  1\$aMcAtee, W. L.$q(Waldo Lee),$d1883-1862.
=245  10$aPeafowl and their care /$c[by W.L. McAtee].
=260  \\$aWashington, D.C. :$bU.S. Dept. of Agriculture,$c1931.
=300  \\$a4 pages ;$c23 cm.
=336  \\$atext$btxt$2rdacontent
=337  \\$aunmediated$bn$2rdamedia
=338  \\$avolume$bnc$2rdacarrier
=490  1\$aMiscellaneous publication / United States Department of Agriculture ;$vno. 127
=504  \\$aIncludes bibliographical references.
=505  0\$aCommon, or Indian, Peafowl -- Range -- History -- Habits in relation to domestication -- Propagation -- Food -- Color varieties. pp. 2. -- The Green, or Javan, peafowl. pp. 4.
=520  3\$aThere are two species of peafowl, the Indian and the Javan, but only the Indian peafowl has been domesticated, and that not very thoroughly. Peafowl are now kept almost entirely for ornament. They once had some importance as food for man, but they have been little used for this purpose since the turkey became common in domestication.
=591  \\$bNAL Reclamation
=593  \\$fAgricola CAT
=650  \0$aPeafowl.$0http://id.loc.gov/authorities/subjects/sh85098984
=655  \3$aInternet resource.
=776  08$iOnline version:$aMcAtee, W.L. (Waldo Lee), 1883-1862.$tPeafowl and their care.$dWashington, D.C. : U.S. Dept. of Agriculture, 1931$w(OCoLC)784826279
=830  \0$aMiscellaneous publication (United States. Department of Agriculture) ;$vno. 127.
=841  \\$ax   $b8709220u    0   4   uu   1870922$ez
=852  \\$aDNAL$i1 Ag84M no.127
=856  41$uhttps://archive.org/details/peafowltheircare127mcat
=912  \\$analcatalog
=930  \\$a20140305$b20140404$c00000000
=939  \\$a20130417$b20130503$c00000000
=945  \\$aUIU
=945  \\$p10
=945  \\$aDigiMet
=946  \\$aUSDA
=959  \\$c2013-04-17$essouder$gde
=994  \\$a92$bAGL

