=LDR  01824cam a2200493Ia 4500
=001  9915430097807426
=005  20240620145739.0
=008  890419s1928\\\\dcu\\\\\\\\\\f000\0\eng\d
=016  7\$aCAT10306435$2DNAL
=035  \\$a344642
=035  \\$a(OCoLC)15540480
=035  \\$a(DNAL)344642-naldb-Voyager
=040  \\$aRQF$beng$cRQF$dAGL$dVIC$dOCLCQ$dOCLCO$dOCLCA$dSFR$dOCLCF$dLHL
=049  \\$aAGLY
=050  \0$aS21$b.A46 no.37
=070  \\$a1$bAg84M no.37
=072  \0$aQ101
=086  0\$aA 1.38:37
=100  1\$aWhite, William,$d1884-
=245  10$aEssentials for the successful operation of a local creamery /$cby William White.
=260  \\$aWashington, D.C. :$bU.S. Dept. of Agriculture,$c1928.
=300  \\$a12 pages ;$c23 cm.
=336  \\$atext$btxt$2rdacontent
=337  \\$aunmediated$bn$2rdamedia
=338  \\$avolume$bnc$2rdacarrier
=490  1\$aMiscellaneous publication / United States Department of Agriculture ;$vno. 37
=520  3\$aIn considering the establishment of a local creamery a number of questions come up. This publication has been prepared to assist in answering some of these questions.
=591  \\$bNAL Reclamation
=593  \\$fAgricola CAT
=650  \0$aCreameries$xPlanning.
=650  \0$aDairy plants.$0http://id.loc.gov/authorities/subjects/sh85035448
=655  \3$aInternet resource.
=710  1\$aUnited States.$bDepartment of Agriculture.
=830  \0$aMiscellaneous publication (United States. Department of Agriculture) ;$vno. 37.
=841  \\$ax   $b8709220u    0   4   uu   1870922$ez
=852  \\$aDNAL$i1 Ag84M no.37
=856  41$uhttps://archive.org/details/essentialsforsuc37whit
=912  \\$analcatalog
=930  \\$a20140305$b20140404$c00000000
=945  \\$aUIU
=945  \\$p20
=945  \\$aDigiMet
=946  \\$aUSDA
=994  \\$a92$bAGL

