=LDR  01787cam a2200505Ia 4500
=001  9915430105207426
=005  20240624171028.0
=008  890419s1929\\\\dcu\\\\\\\\\\f000\0\eng\d
=016  7\$aCAT10306917$2DNAL
=035  \\$a344364
=035  \\$a(OCoLC)15546652
=035  \\$a(DNAL)344364-naldb-Voyager
=040  \\$aRQF$beng$cRQF$dAGL$dOCLCQ$dOCLCO$dOCLCA$dOCLCF$dCOD$dOCLCA
=043  \\$an-us---
=049  \\$aAGLY
=070  \\$a1$bAg84M no.60
=072  \0$aA000
=072  \0$aD100
=086  0\$aA 1.38:60
=100  1\$aRiley, John O.$q(John Orchard),$d1860-1940.
=245  10$aList of available publications of the United States Department of Agriculture, June 1, 1929 /$ccompiled by John O. Riley.
=260  \\$aWashington, D.C. :$bU.S. Dept. of Agriculture,$c1929.
=300  \\$aiv, 71 pages ;$c23 cm.
=336  \\$atext$btxt$2rdacontent
=337  \\$aunmediated$bn$2rdamedia
=338  \\$avolume$bnc$2rdacarrier
=490  1\$aMiscellaneous publication / United States Department of Agriculture ;$vno. 60
=591  \\$bNAL Reclamation
=593  \\$fAgricola CAT
=610  10$aUnited States.$bDepartment of Agriculture$vPeriodicals.
=610  17$aUnited States.$bDepartment of Agriculture$2fast$0(OCoLC)fst01852329
=655  \3$aInternet resource.
=655  \7$aPeriodicals.$2fast$0(OCoLC)fst01411641
=830  \0$aMiscellaneous publication (United States. Department of Agriculture) ;$vno. 60.
=841  \\$ax$b8709220u    0   4   uu   1870922$ez
=852  \\$aDNAL$i1 Ag84M no.60
=856  41$uhttps://archive.org/details/listofavailablep60rile
=912  \\$analcatalog
=930  \\$a20140305$b00000000$c00000000
=945  \\$aUIU
=945  \\$p84
=945  \\$aDigiMet
=946  \\$aUSDA
=959  \\$c2013-04-02$essouder$gap
=994  \\$a92$bAGL

