=LDR  01692cam a2200493 a 4500
=001  9915430105307426
=005  20240624171015.0
=008  980410s1959\\\\dcu\\\\\\b\\\f000\0\eng\\
=016  7\$aCAT10845337$2DNAL
=035  \\$a811663
=035  \\$a(OCoLC)38918553
=035  \\$a(DNAL)811663-naldb-Voyager
=040  \\$aAGL$beng$cAGL$dOCLCQ$dOCLCO$dOCLCF$dOCLCO$dOCLCQ$dAGL
=043  \\$an-us---
=049  \\$aAGLL
=070  0\$aA280.39$bM34Am no.56 1959
=072  \0$aE700
=245  00$aMarketing service programs.
=260  \\$aWashington, D.C. :$bU.S. Dept. of Agriculture, Agricultural Marketing Service,$c1959.
=300  \\$a131 pages ;$c26 cm
=336  \\$atext$btxt$2rdacontent
=337  \\$aunmediated$bn$2rdamedia
=338  \\$avolume$bnc$2rdacarrier
=490  1\$aAMS ;$v56
=504  \\$aIncludes bibliographical references (pages 127-131).
=591  \\$bNAL Reclamation
=593  \\$fAgricola CAT
=650  \0$aFarm produce$zUnited States$xStates$xMarketing.
=651  \7$aUnited States.$2fast$0(OCoLC)fst01204155
=655  \3$aInternet resource.
=710  1\$aUnited States.$bAgricultural Marketing Service.$0http://id.loc.gov/authorities/names/n79108924
=830  \0$aAdvanced marketing series (Los Angeles, Calif.) ;$v56.
=856  41$uhttps://archive.org/details/marketingservice56unit_3
=912  \\$analcatalog
=930  \\$a20140305$b20140404$c00000000
=939  \\$a20130116$b20130201$c00000000
=939  \\$a20121203$b20130104$c00000000
=939  \\$a19980502$b19980508$c00000000
=945  \\$dRLG$e98/04/08$fAR$g98/04/10
=945  \\$p140
=945  \\$aDigiMet
=946  \\$aUSDA
=959  \\$c2013-01-16$ejgilbert$gother
=994  \\$a92$bAGL

