=LDR  01863cam a2200517Ia 4500
=001  9915430114407426
=005  20240624171028.0
=008  890419s1931\\\\dcua\\\\\\\\\f000\0\eng\d
=016  7\$aCAT10306419$2DNAL
=035  \\$a344639
=035  \\$a(OCoLC)15560051
=035  \\$a(DNAL)344639-naldb-Voyager
=040  \\$aRQF$beng$cRQF$dAGL$dOCLCQ$dOCLCO$dOCLCA$dOCLCF$dCOF$dOCLCA
=043  \\$an-us---
=049  \\$aAGLY
=050  \0$aS21$b.A46 no. 131
=070  \\$a1$bAg84M no.131
=072  \0$aF831
=086  0\$aA 1.38:131
=100  1\$aFletcher, Donald G.$q(Donald Gould),$d1898-
=245  12$aA dangerous neighbor for wheat, oats, barley, and rye /$cby Donald G. Fletcher.
=260  \\$aWashington, D.C. :$bU.S. Dept. of Agriculture, Bureau of Plant Industry,$c[1931]
=300  \\$a1 folded sheet (6 pages) :$bcolor illustrations ;$c23 x 30 cm, folded to 23 x 10 cm.
=336  \\$atext$btxt$2rdacontent
=337  \\$aunmediated$bn$2rdamedia
=338  \\$asheet$bnb$2rdacarrier
=490  1\$aMiscellaneous publication / United States Department of Agriculture ;$vno. 131
=591  \\$bNAL Reclamation
=593  \\$fAgricola CAT
=650  \0$aBarberries$xDiseases and pests$zUnited States.
=650  \0$aGrain$xDiseases and pests$zUnited States.
=651  \7$aUnited States.$2fast$0(OCoLC)fst01204155
=655  \3$aInternet resource.
=830  \0$aMiscellaneous publication (United States. Department of Agriculture) ;$vno. 131.
=841  \\$ax$b8709220u    0   4   uu   1870922$ez
=852  \\$aDNAL$i1 Ag84M no.131
=856  41$uhttps://archive.org/details/dangerousneighbo131flet
=912  \\$analcatalog
=930  \\$a20140305$b20140404$c00000000
=939  \\$a20100827$b20100903$c00000000
=945  \\$aUIU
=945  \\$p14
=945  \\$aDigiMet
=946  \\$aUSDA
=959  \\$c2010-08-27$earojas$gap
=994  \\$a92$bAGL

