=LDR  02762cam a2200601Ii 4500
=001  9915430123107426
=005  20240624171027.0
=008  890419s1931\\\\dcu\\\\\\b\\\f001\0\eng\c
=010  \\$aagr31001015 
=016  7\$aCAT10306287$2DNAL
=019  \\$a798568154
=035  \\$a344443
=035  \\$a(OCoLC)04686955$z(OCoLC)798568154
=035  \\$a(DNAL)344443-naldb-Voyager
=035  \\$z(OCoLC)798568154
=040  \\$aLibrary, U. S. Dept. of Agriculture$beng$cAZU$dAGL$dIUL$dOCLCQ$dSTF$dISL$dOCLCA$dLHL$dOCLCO$dOCLCA$dOCLCQ$dOCLCA$dOCLCF$dOCLCO$dOCLCA$dSFR$dOCL$dFUG
=043  \\$an-us---
=049  \\$aAGLY
=050  \0$aS21$b.A6 no.118
=070  \\$a1$bAg84M no.118
=072  \0$aB200
=086  0\$aA 1.38:118
=100  1\$aHannay, Annie M.$q(Annie Murray)$0http://id.loc.gov/authorities/names/n89616311
=245  14$aThe influence of weather on crops, 1900-1930 :$ba selected and annotated bibliography /$ccompiled by A.M. Hannay ... under the direction of Mary G. Lacy ...
=264  \1$aWashington, DC :$bUnited States Government Printing Office,$c1931.
=300  \\$a246 pages ;$c24 cm.
=336  \\$atext$btxt$2rdacontent
=337  \\$aunmediated$bn$2rdamedia
=338  \\$avolume$bnc$2rdacarrier
=490  1\$aMiscellaneous publication ;$vno. 118
=504  \\$aIncludes bibliographical references (page 2) and index.
=520  3\$aThis bibliography is mainly concerned with the influence of weather on crops in connection with the germination, growth, development, susceptibility to disease, and final yield. It contains references to laboratory studies, field studies, and statistical studies on the effect of different conditions of temperature, precipitation, humidity, light, and wind on vegetation in many parts of the world.
=591  \\$bNAL Reclamation
=593  \\$fAgricola CAT
=650  \0$aCrops and climate$vBibliography.
=655  \3$aInternet resource.
=655  \7$aBibliographies.$2fast$0(OCoLC)fst01919895
=700  1\$aLacy, Mary G.$q(Mary Goodwin),$d1875-
=710  1\$aUnited States.$bDepartment of Agriculture.
=776  08$iOnline version:$aHannay, Annie M. (Annie Murray).$tInfluence of weather on crops, 1900-1930.$dWashington, D.C. : U.S. Dept. of Agriculture, 1931$w(OCoLC)784302084
=830  \0$aMiscellaneous publication (United States. Department of Agriculture) ;$vno. 118.
=841  \\$ax$b8709220u    0   4   uu   1870922$ez
=852  \\$aDNAL$i1 Ag84M no.118
=856  41$uhttps://archive.org/details/influenceofweath118hann
=912  \\$analcatalog
=930  \\$a20140305$b20140404$c00000000
=939  \\$a20100503$b20100605$c00000000
=945  \\$aUIU
=945  \\$p254
=945  \\$aDigiMet
=946  \\$aUSDA
=959  \\$c2010-04-30$edcollins$gap
=994  \\$a92$bAGL

