=LDR  02337cam a2200565Ia 4500
=001  9915430202607426
=005  20240620145804.0
=008  890419s1930\\\\dcu\\\\\\r\\\f000\0\eng\d
=016  7\$aCAT10306594$2DNAL
=019  \\$a797190585
=035  \\$a344341
=035  \\$a(OCoLC)15547180$z(OCoLC)797190585
=035  \\$a(DNAL)344341-naldb-Voyager
=035  \\$z(OCoLC)797190585
=040  \\$aRQF$beng$cRQF$dAGL$dOCL$dOCLCQ$dLHL$dOCLCO$dOCLCQ$dOCLCA$dOCLCF$dOCLCQ$dOCLCO$dOCLCA$dOKS$dOCLCQ
=043  \\$an-us---
=049  \\$aAGLY
=050  \0$aS21$b.A46 no.92
=070  \\$a1$bAg84M no.92
=072  \0$aP000
=086  0\$aA 1.38:92
=245  00$aDirectory of officials and organizations concerned with the protection of birds and game, 1930 /$ccompiled by Talbott Denmead and Frank G. Grimes.
=260  \\$aWashington, D.C. :$bU.S. Dept. of Agriculture,$c1930.
=300  \\$a13 pages ;$c23 cm.
=336  \\$atext$btxt$2rdacontent
=337  \\$aunmediated$bn$2rdamedia
=338  \\$avolume$bnc$2rdacarrier
=490  1\$aMiscellaneous publication / United States Department of Agriculture ;$vno. 92
=520  3\$aThis publication, the thirty-first annual Directory of Officials and Organizations Concerned with the Protection of Birds and Game, follows the same general form as previous editions.
=591  \\$bNAL Reclamation
=593  \\$fAgricola CAT
=650  \0$aBirds$xConservation$zUnited States$vDirectories.
=650  \0$aGame protection$zUnited States$vDirectories.
=651  \7$aUnited States.$2fast$0(OCoLC)fst01204155
=655  \3$aInternet resource.
=655  \7$aDirectories.$2fast$0(OCoLC)fst01423796
=700  1\$aTalbott, Denmead,$d1877-
=700  1\$aGrimes, Frank G.
=776  08$iOnline version:$tDirectory of officials and organizations concerned with the protection of birds and game, 1930.$dWashington, D.C. : U.S. Dept. of Agriculture, 1930$w(OCoLC)989720638
=830  \0$aMiscellaneous publication (United States. Department of Agriculture) ;$vno. 92.
=841  \\$ax   $b8709220u    0   4   uu   1870922$ez
=852  \\$aDNAL$i1 Ag84M no.92
=856  41$uhttps://archive.org/details/directoryofoffic92talb
=912  \\$analcatalog
=930  \\$a20140305$b20140404$c00000000
=945  \\$aUIU
=945  \\$p20
=945  \\$aDigiMet
=946  \\$aUSDA
=994  \\$a92$bAGL

