=LDR  01980cam a2200517Ia 4500
=001  9915430216007426
=005  20240621210609.0
=008  890419s1927\\\\dcub\\\\\r\\\f001\0\eng\d
=016  7\$aCAT10306699$2DNAL
=035  \\$a344082
=035  \\$a(OCoLC)15539379
=035  \\$a(DNAL)344082-naldb-Voyager
=040  \\$aRQF$beng$cRQF$dAGL$dOCL$dVIC$dOCLCQ$dOCLCO$dOCLCF$dOCLCA
=043  \\$an-us---
=049  \\$aAGLY
=050  \0$aSB19.A4$b1927
=070  \\$a1$bAg84M no.1
=072  \0$aD100
=072  \0$aF000
=086  0\$aA 1.38:1
=245  00$aDirectory of field activities of the Bureau of Plant Industry.
=260  \\$aWashington, D.C. :$bU.S. Dept. of Agriculture, Bureau of Plant Industry,$c1927.
=300  \\$a83 pages :$b1 map ;$c15 cm.
=336  \\$atext$btxt$2rdacontent
=337  \\$aunmediated$bn$2rdamedia
=338  \\$avolume$bnc$2rdacarrier
=490  1\$aMiscellaneous publication / United States Department of Agriculture ;$vno. 1
=591  \\$bNAL Reclamation
=593  \\$fAgricola CAT
=610  10$aUnited States.$bBureau of Plant Industry$vDirectories.
=610  17$aUnited States.$bBureau of Plant Industry$2fast$0(OCoLC)fst00551052
=655  \3$aInternet resource.
=655  \7$aDirectories.$2fast$0(OCoLC)fst01423796
=710  1\$aUnited States.$bBureau of Plant Industry.$0http://id.loc.gov/authorities/names/n80145310
=776  08$iOnline version:$tDirectory of field activities of the Bureau of Plant Industry.$dWashington, D.C. : U.S. Dept. of Agriculture, Bureau of Plant Industry, 1927$w(OCoLC)985413107
=830  \0$aMiscellaneous publication (United States. Department of Agriculture) ;$vno. 1.
=841  \\$ax   $b8709220u    0   4   uu   1870922$ez
=852  \\$aDNAL$i1 Ag84M no.1
=856  41$uhttps://archive.org/details/directoryoffield01unit
=912  \\$analcatalog
=930  \\$a20140305$b00000000$c00000000
=945  \\$aUIU
=945  \\$p96
=945  \\$aDigiMet
=946  \\$aUSDA
=994  \\$a92$bAGL

