=LDR  03092cam a2200577Ia 4500
=001  9915430223907426
=005  20240620145819.0
=008  890419s1932\\\\dcu\\\\\\s\\\f000\0\eng\d
=016  7\$aCAT10306546$2DNAL
=019  \\$a798581740
=035  \\$a344653
=035  \\$a(OCoLC)15560164$z(OCoLC)798581740
=035  \\$a(DNAL)344653-naldb-Voyager
=035  \\$z(OCoLC)798581740
=040  \\$aRQF$beng$cRQF$dAGL$dOCL$dIUL$dOCLCQ$dOCLCO$dLHL$dOCLCF$dOCLCO$dNOC$dOCLCA$dSFR
=043  \\$an-us---
=049  \\$aAGLY
=050  \0$aS21$b.A46 no.141
=070  \\$a1$bAg84M no.141
=072  \0$aE700
=072  \0$aQ004
=086  0\$aA 1.38:141
=100  1\$aIrwin, H. S.$q(Harold Speer),$d1893-
=245  12$aA guide to grain-trade statistics /$cby H.S. Irwin.
=260  \\$aWashington, D.C. :$bU.S. Dept. of Agriculture,$c1932.
=300  \\$a83 pages ;$c23 cm.
=336  \\$atext$btxt$2rdacontent
=337  \\$aunmediated$bn$2rdamedia
=338  \\$avolume$bnc$2rdacarrier
=490  1\$aMiscellaneous publication / United States Department of Agriculture ;$vno. 141
=505  0\$aIntroduction. pp. 1 -- Outline of domestic grain-trade statistics. pp. 3 -- Types of domestic grain-trade statistics. pp. 6 -- Agencies originating domestic grain-trade statistics. pp. 49 -- Publications in which domestic grain-trade statistics may be found. pp. 53 -- World grain-trade statistics. pp. 73 -- Outline of world grain-trade statistics. pp. 74 -- Agencies which compile world grain-traded statsitics. pp. 80.
=520  3\$aThe purpose of this publication is to provide information concerning the principal grain-trade statistics in common use. Grain-trade statistics are so numerous and are compiled by so many agencies that it is not easy to keep all of them in mind. It is much more difficult to recall what each series represents and precisely what it means.
=520  3\$aThis publication lists the various series of grain-trade statistics in common use, discusses some of their advantages and limitations, shows how and by what agency each is compiled, and names some of the publications in which each may be found. Some little-known statistics are also included because they present information not obtainable elsewhere.
=591  \\$bNAL Reclamation
=593  \\$fAgricola CAT
=650  \0$aGrain trade$zUnited States$vStatistics.
=651  \7$aUnited States.$2fast$0(OCoLC)fst01204155
=655  \3$aInternet resource.
=655  \7$aStatistics.$2fast$0(OCoLC)fst01423727
=776  08$iOnline version:$aIrwin, H.S. (Harold Speer), 1893-$tGuide to grain-trade statistics.$dWashington, D.C. : U.S. Dept. of Agriculture, 1932$w(OCoLC)778072286
=830  \0$aMiscellaneous publication (United States. Department of Agriculture) ;$vno. 141.
=841  \\$ax   $b8709220u    0   4   uu   1870922$ez
=852  \\$aDNAL$i1 Ag84M no.141
=856  41$uhttps://archive.org/details/guidetograintrad141irwi
=912  \\$analcatalog
=930  \\$a20140305$b20140404$c00000000
=945  \\$aUIU
=945  \\$p92
=945  \\$aDigiMet
=946  \\$aUSDA
=994  \\$a92$bAGL

