=LDR  02116cam a2200565Ia 4500
=001  9915431654707426
=005  20240620152117.0
=008  910127s1989\\\\dcua\\\\\\\\\f000\0\eng\\
=016  7\$aCAT10413259$2DNAL
=019  \\$a1039843432$a1231854533
=035  \\$a473565
=035  \\$a(OCoLC)21896420$z(OCoLC)1039843432$z(OCoLC)1231854533
=035  \\$a(DNAL)473565-naldb-Voyager
=035  \\$z(OCoLC)1039843432$z(OCoLC)1231854533
=040  \\$aAGL$beng$cAGL$dOCLCQ$dOCLCO$dOCLCA$dOCLCF$dOCLCQ$dOCLCA$dAGM$dAGL
=043  \\$an-us---
=049  \\$aAGLL
=070  0\$a1$bAg84M no.1395 1989
=072  \0$aD100
=072  \0$aK001
=072  \0$aC100
=245  02$aA Job with the Forest Service :$ba guide to career opportunities in technical support positions.
=250  \\$aRev. Nov. 1988.
=260  \\$a[Washington, D.C.?] :$bU.S. Dept. of Agriculture, Forest Service,$c[1988? i.e. 1989]
=300  \\$a23 pages :$billustrations ;$c22 cm.
=336  \\$atext$btxt$2rdacontent
=337  \\$aunmediated$bn$2rdamedia
=338  \\$avolume$bnc$2rdacarrier
=490  1\$aMiscellaneous publication ;$vno. 1395
=591  \\$bNAL Reclamation
=593  \\$fAgricola CAT
=610  10$aUnited States.$bForest Service$xOfficials and employees.
=610  17$aUnited States.$bForest Service$2fast$0(OCoLC)fst00532793
=650  \0$aForests and forestry$xVocational guidance$zUnited States.
=650  \3$aemployment opportunities.
=650  \3$anational forests.
=651  \7$aUnited States.$2fast$0(OCoLC)fst01204155
=655  \3$aInternet resource.
=710  1\$aUnited States.$bForest Service.$0http://id.loc.gov/authorities/names/n79054932
=830  \0$aMiscellaneous publication (United States. Department of Agriculture) ;$vno. 1395.
=841  \\$ax   $b9008130u    0   4   uu   1900813$ez
=852  \\$aDNAL$i1 Ag84M no.1395 1989
=856  41$uhttps://archive.org/details/jobwithforestser1395unit
=912  \\$analcatalog
=930  \\$a20140305$b20140404$c00000000
=945  \\$dLRN$e90/06/14$fCMM$g90/06/19$n1
=945  \\$p28
=945  \\$aDigiMet
=946  \\$aUSDA
=994  \\$a92$bAGL

