=LDR  02486cam a2200601Ia 4500
=001  9915431804407426
=005  20240620152159.0
=008  910127s1990\\\\utua\\\\\bs\\f000\0\eng\\
=016  7\$aCAT10413261$2DNAL
=019  \\$a1225738926
=035  \\$a473567
=035  \\$a(OCoLC)21896468$z(OCoLC)1225738926
=035  \\$a(DNAL)473567-naldb-Voyager
=035  \\$z(OCoLC)1225738926
=040  \\$aAGL$beng$cAGL$dGPO$dOCL$dSPI$dOCLCO$dOCLCF$dOCLCQ$dCOD$dOCLCA$dUOK$dOCLCA$dAGL
=043  \\$an-us-nm
=049  \\$aAGLL
=050  \0$aSD428.N48$bV3 1990
=070  0\$aA99.9$bF764Ub no.68
=072  \0$aK250
=074  \\$a0083-B-05 (MF)
=086  0\$aA 13.80:INT-68
=100  1\$aVan Hooser, Dwane D.$0http://id.loc.gov/authorities/names/n83061832
=245  10$aTimberland and woodland resources outside national forests in New Mexico, 1987 /$cDwane D. Van Hooser.
=260  \\$aOgden, UT (324 25th Street Ogden 84401) :$bU.S. Dept. of Agriculture, Forest Service, Intermountain Research Station,$c[1990]
=300  \\$a72 pages :$billustrations ;$c28 cm.
=336  \\$atext$btxt$2rdacontent
=337  \\$aunmediated$bn$2rdamedia
=338  \\$avolume$bnc$2rdacarrier
=490  1\$aResource bulletin INT ;$v68
=504  \\$aIncludes bibliographical references (page 16).
=591  \\$bNAL Reclamation
=593  \\$fAgricola CAT
=650  \0$aForests and forestry$zNew Mexico$vStatistics.
=650  \0$aForest surveys$zNew Mexico.
=650  \0$aTimber$zNew Mexico$vStatistics.
=651  \7$aNew Mexico.$2fast$0(OCoLC)fst01204269
=655  \3$aInternet resource.
=655  \7$aStatistics.$2fast$0(OCoLC)fst01423727
=710  1\$aUnited States.$bDepartment of Agriculture.
=710  2\$aIntermountain Research Station (Ogden, Utah)$0http://id.loc.gov/authorities/names/n85066590
=776  08$iOnline version:$aVan Hooser, Dwane D.$tTimberland and woodland resources outside national forests in New Mexico, 1987.$dOgden, UT (324 25th Street Ogden 84401) : U.S. Dept. of Agriculture, Forest Service, Intermountain Research Station, [1990]$w(OCoLC)623586661
=830  \0$aResource bulletin INT ;$v68.
=841  \\$ax   $b9008130u    0   4   uu   1900813$ez
=852  \\$aDNAL$iA99.9 F764Ub no.68
=856  41$uhttps://archive.org/details/timberlandwoodla68vanh
=912  \\$analcatalog
=930  \\$a20140603$b20140704$c00000000
=945  \\$dEAN$e90/06/08$fCMM$g90/06/14$n1
=945  \\$p80
=945  \\$aDigiMet
=946  \\$aUSDA
=994  \\$a92$bAGL

