=LDR  01946cam a2200469I  4500
=001  9915432343107426
=005  20240624171317.0
=008  920620s1907\\\\dcua\\\\\\\\\\000\0\eng\\
=010  \\$a   07041832 
=016  7\$aCAT10504841$2DNAL
=035  \\$a414001
=035  \\$a(OCoLC)03681504
=035  \\$a(DNAL)414001-naldb-Voyager
=040  \\$aDLC$beng$cTLM$dOCL$dOCLCQ$dAGL$dOCLCG$dKRTAS$dOCLCF$dOCLCO$dOCLCQ$dOCLCO
=049  \\$aRQIA
=050  \0$aSF485$b.M2
=070  0\$a47$bM17P
=072  \0$aL200
=100  1\$aMcGrew, T. F.$q(Thomas Fletcher),$d1850-1930.$0http://id.loc.gov/authorities/names/no2005095722
=245  14$aThe perfected poultry of America;$ba concise, illustrated treatise of the recognized breeds of poultry, turkeys, and water-fowl,$cwritten by T.F. McGrew and Geo. E. Howard, with illustrations by Louis P. Graham.
=260  \\$a[Washington, D.C.],$b[Howard Pub. Co.],$c[©1907]
=300  \\$a1 preliminary leaf, 9-257 pages$billustrations$c25 cm
=336  \\$atext$btxt$2rdacontent
=337  \\$aunmediated$bn$2rdamedia
=338  \\$avolume$bnc$2rdacarrier
=591  \\$bNAL Reclamation
=593  \\$fAgricola CAT
=650  \0$aPoultry.$0http://id.loc.gov/authorities/subjects/sh85105892
=655  \3$aInternet resource.
=700  1\$aHoward, George E.$q(George Ellsworth),$eauthor.$0http://id.loc.gov/authorities/names/n89614598
=776  08$iOnline version:$aMcGrew, T.F. (Thomas Fletcher), 1850-1930.$tPerfected poultry of America.$d[Washington, D.C., Howard Pub. Co., ©1907]$w(OCoLC)712600626
=856  41$uhttps://archive.org/details/perfectedpoultry00mcgr_0
=912  \\$analcatalog
=930  \\$a20160524$b20160603$c00000000
=938  \\$aKirtas Technologies, Inc.$bKRTS$n676947
=939  \\$a20140702$b20140807$c00000000
=939  \\$a20130709$b20130906$c00000000
=945  \\$aDigiMet
=945  \\$p274
=946  \\$aOther US
=959  \\$c2013-07-09$earojas$gap
=994  \\$a92$bAGL

