=LDR  01716cam a2200469 a 4500
=001  9915432434507426
=005  20240620153241.0
=008  890419s1969\\\\dcubk\\\\s\\\f00010\eng\u
=016  7\$aCAT10308541$2DNAL
=035  \\$a(OCoLC)ocm00676547 890419
=035  \\$90308-54160
=035  \\$a350113
=035  \\$a(DNAL)350113-naldb-Voyager
=040  \\$cCIN$dm.c.$dOCL$dm/c$dAGL
=043  \\$an-us---
=049  \\$aAGLX
=070  0\$a1$bAg84M no.1143
=072  \0$aP200
=086  0\$aA 1.38:1143
=100  10$aDendy, F. E.
=245  10$aSummary of reservoir sediment deposition surveys made in the United States through 1965 /$ccompiled by F.E. Dendy and W.A. Champion.
=260  0\$aWashington, D.C. :$bAgricultural Research Service, U.S. Dept. of Agriculture,$c1969.
=300  \\$a64 p. :$bforms, 1 map ;$c26 cm.
=490  0\$aMiscellaneous publication / United States Department of Agriculture ;$vno. 1143
=500  \\$aPrepared for publication by the Agricultural Research Service, Dept. of Agriculture.
=500  \\$aChiefly tables.
=500  \\$a"In cooperation with Committee on Sedimentation Water Resources Council."
=593  \\$fAgricola CAT
=650  \0$aReservoir sedimentation$zUnited States.
=650  \0$aSedimentation and deposition$zUnited States.
=655  \3$aInternet resource
=700  10$aChampion, Bill.
=710  10$aUnited States.$bAgricultural Research Service.
=841  \\$ax   $b8709220u    0   4   uu   1870922$ez
=852  \\$aDNAL$i1 Ag84M no.1143
=856  41$uhttps://archive.org/details/summaryofreservo1143dend
=912  \\$analcatalog
=930  \\$a20140305$b20140404$c00000000
=945  \\$aXIU
=945  \\$p76
=945  \\$aDigiMet
=946  \\$aUSDA

