=LDR  02064cam a2200553Ia 4500
=001  9915432444707426
=005  20240620153248.0
=008  890419s1969\\\\dcuae\\\\\\\\f000\0\eng\d
=016  7\$aCAT10309491$2DNAL
=019  \\$a213772942
=035  \\$a350276
=035  \\$a(OCoLC)15926444$z(OCoLC)213772942
=035  \\$a(DNAL)350276-naldb-Voyager
=035  \\$z(OCoLC)213772942
=040  \\$aRQF$beng$cRQF$dAGL$dOCL$dVIC$dOCLCQ$dOCLCO$dOCLCF$dNOC$dOCLCA$dCSF$dOCL$dOCLCA$dOCL$dGPO$dWURST
=049  \\$aAGLY
=050  \0$aS21$b.A46 no.1137
=070  0\$a1$bAg84M no.1137
=072  \0$aN100
=072  \0$aL100
=074  \\$a0013-A
=086  0\$aA 1.38:1137
=245  00$aFree-stall barns :$b44 and 48 feet wide /$c[Agricultural Engineering Research Division, Agricultural Research Service].
=260  \\$aWashington, D.C. :$bU.S. Dept. of Agriculture,$c1969.
=300  \\$a1 sheet (2 pages) :$billustrations, plans ;$c27 cm.
=336  \\$atext$btxt$2rdacontent
=337  \\$aunmediated$bn$2rdamedia
=338  \\$asheet$bnb$2rdacarrier
=490  1\$aMiscellaneous publication / United States Department of Agriculture ;$vno. 1137
=591  \\$bNAL Reclamation
=593  \\$fAgricola CAT
=650  \0$aDairy barns$xDesign and construction.
=650  \0$aDairy barns$vDesigns and plans.
=650  \0$aCattle$xFeeding and feeds$xEquipment and supplies.$0http://id.loc.gov/authorities/subjects/sh85021326
=650  \0$aCattle$xHousing$vDesigns and plans.
=655  \3$aInternet resource.
=655  \7$aArchitectural drawings.$2fast$0(OCoLC)fst01986246
=710  1\$aUnited States.$bAgricultural Research Service.
=830  \0$aMiscellaneous publication (United States. Department of Agriculture) ;$vno. 1137.
=841  \\$ax   $b8709220u    0   4   uu   1870922$ez
=852  \\$aDNAL$i1 Ag84M no.1137
=856  41$uhttps://archive.org/details/freestallbarns441137unit
=912  \\$analcatalog
=930  \\$a20140305$b20140404$c00000000
=945  \\$aUIU
=945  \\$p8
=945  \\$aDigiMet
=946  \\$aUSDA
=994  \\$a92$bAGL

