=LDR  01829cam a2200517Ia 4500
=001  9915432446507426
=005  20240620153242.0
=008  890419s1969\\\\dcuae\\\\\\\\f000\0\eng\d
=016  7\$aCAT10310684$2DNAL
=019  \\$a213772735
=035  \\$a350151
=035  \\$a(OCoLC)15926455$z(OCoLC)213772735
=035  \\$a(DNAL)350151-naldb-Voyager
=035  \\$z(OCoLC)213772735
=040  \\$aRQF$beng$cRQF$dAGL$dVIC$dOCLCQ$dOCLCF$dOCLCO$dOCLCA$dOCL$dGPO$dWURST
=049  \\$aAGLY
=050  \0$aS21$b.A46 no.1138
=070  0\$a1$bAg84M no.1138
=072  \0$aN100
=074  \\$a0013-A
=086  0\$aA 1.38:1138
=245  00$aElevated calf pens /$c[Agricultural Engineering Research Division, Agricultural Research Service].
=260  \\$aWashington, D.C. :$bU.S. Dept. of Agriculture,$c1969.
=300  \\$a1 sheet (2 pages) :$billustrations, plans ;$c27 cm.
=336  \\$atext$btxt$2rdacontent
=337  \\$aunmediated$bn$2rdamedia
=338  \\$asheet$bnb$2rdacarrier
=490  1\$aMiscellaneous publication / United States Department of Agriculture ;$vno. 1138
=591  \\$bNAL Reclamation
=593  \\$fAgricola CAT
=650  \0$aCattle pens$vDesigns and plans.
=650  \0$aCalves$xHousing$xDesign and construction.
=655  \3$aInternet resource.
=655  \7$aArchitectural drawings.$2fast$0(OCoLC)fst01986246
=710  1\$aUnited States.$bAgricultural Research Service.
=830  \0$aMiscellaneous publication (United States. Department of Agriculture) ;$vno. 1138.
=841  \\$ax   $b8709220u    0   4   uu   1870922$ez
=852  \\$aDNAL$i1 Ag84M no.1138
=856  41$uhttps://archive.org/details/elevatedcalfpens1138unit
=912  \\$analcatalog
=930  \\$a20140305$b20140404$c00000000
=945  \\$aUIU
=945  \\$p8
=945  \\$aDigiMet
=946  \\$aUSDA
=994  \\$a92$bAGL

