=LDR  02655cam a2200661 i 4500
=001  9915432494207426
=005  20240624171318.0
=008  890419s1968\\\\dcuab\\\\\\\\f000\0\eng\c
=010  \\$aagr68000339 
=016  7\$aCAT10310519$2DNAL
=019  \\$a805227877
=035  \\$a350036
=035  \\$a(OCoLC)00020563$z(OCoLC)805227877
=035  \\$a(DNAL)350036-naldb-Voyager
=035  \\$z(OCoLC)805227877
=040  \\$aU.S. Nat'l Agr. Libr.$beng$cDLC$dOCLCQ$dIUL$dBTCTA$dLHL$dOCLCO$dOCLCA$dOCLCQ$dCOD$dOKS$dNOC$dOCLCA$dOCLCQ$dOCLCF$dAGL
=043  \\$an-us---
=049  \\$aAGLY
=050  00$aS21$b.A46 no. 1109
=070  0\$a1$bAg84M no.1109 1968
=072  \0$aL100
=072  \0$aD100
=072  \0$aK001
=086  0\$aA 1.38:1109
=110  1\$aUnited States.$bDepartment of Agriculture.
=245  10$aMove ahead! :$bresearch careers in the Forest Service /$cU.S. Department of Agriculture.
=260  \\$a[Washington, D.C.] :$bU.S. GPO,$c[1968]
=300  \\$a8 unnumbered pages :$billustrations (some color), map ;$c24 cm.
=336  \\$atext$btxt$2rdacontent
=337  \\$aunmediated$bn$2rdamedia
=338  \\$avolume$bnc$2rdacarrier
=490  1\$a[United States. Dept. of Agriculture] Miscellaneous publication ;$vno. 1109
=505  0\$aAbout the Forest Service -- Forestry research is moving ahead -- Your research career with the Forest Service -- Room to grow -- Think it over.
=591  \\$bNAL Reclamation
=593  \\$fAgricola CAT
=610  10$aUnited States.$bForest Service$xOfficials and employees.
=610  17$aUnited States.$bForest Service$2fast$0(OCoLC)fst00532793
=650  \0$aForests and forestry$xResearch$xVocational guidance.
=651  \3$aUnited States$xForestry$xResearch.
=655  \3$aInternet resource.
=710  1\$aUnited States.$bForest Service.$0http://id.loc.gov/authorities/names/n79054932
=776  08$iOnline version:$aUnited States. Department of Agriculture.$tMove ahead!$d[Washington, D.C.] : U.S. GPO, [1968]$w(OCoLC)948441533
=830  \0$aMiscellaneous publication (United States. Department of Agriculture) ;$vno. 1109.
=841  \\$ax$b8709220u    0   4   uu   1870922$ez
=852  \\$aDNAL$i1 Ag84M no.1109
=856  41$uhttps://archive.org/details/moveaheadresearc1109unit
=912  \\$analcatalog
=930  \\$a20140305$b20140404$c00000000
=938  \\$aBaker and Taylor$bBTCP$nagr68000339
=939  \\$a20130626$b20130705$c00000000
=939  \\$a20100917$b20101001$c00000000
=945  \\$aUIU
=945  \\$p18
=945  \\$aDigiMet
=946  \\$aUSDA
=959  \\$c2010-09-16$epgraves$gac
=959  \\$c2010-09-17$edcollins$gother
=994  \\$a92$bAGL

