=LDR  01707cam a2200421I  4500
=001  9915432518007426
=005  20240620153242.0
=008  920621s1928\\\\ilua\\\\\\\\\\000\0\eng\d
=016  7\$aCAT10518441$2DNAL
=035  \\$a414639
=035  \\$a(OCoLC)18726866
=035  \\$a(DNAL)414639-naldb-Voyager
=040  \\$aRQI$beng$cRQI$dOCLCQ$dAGL$dOCLCG$dOCLCQ$dOCLCF$dOCLCQ$dOCLCO$dWLM
=049  \\$aRQIA
=050  00$aQE862.O65$bC54 2016
=070  0\$a47$bH195
=072  \0$aL100
=100  1\$aHanke, Oscar August,$d1902-$0http://id.loc.gov/authorities/names/no96020344
=245  10$aFrom chick to layer, with complete feeding directions by noted poultry authorities,$ccomp. by O.A. Hanke.
=260  \\$aMount Morris, Ill.,$bPoultry Tribune,$c[1928]
=300  \\$a32 pages :$billustrations,$c29 cm
=336  \\$atext$btxt$2rdacontent
=337  \\$aunmediated$bn$2rdamedia
=338  \\$avolume$bnc$2rdacarrier
=520  \\$a"Full-color images and simple text introduce young readers to different horned dinosaurs, including their physical characteristics, habitats, and diets"
=591  \\$bNAL Reclamation
=593  \\$fAgricola CAT
=650  \0$aPoultry.$0http://id.loc.gov/authorities/subjects/sh85105892
=650  \1$aCeratopsians.
=655  \3$aInternet resource.
=776  08$iOnline version:$aHanke, Oscar August, 1902-$tFrom chick to layer, with complete feeding directions by noted poultry authorities.$dMount Morris, Ill., Poultry Tribune, [1928]$w(OCoLC)692066082
=856  41$uhttps://archive.org/details/fromchicktolayer00hank
=912  \\$analcatalog
=930  \\$a20140702$b20140807$c00000000
=945  \\$aDigiMet
=945  \\$p40
=946  \\$aOther US
=994  \\$a92$bAGL

