=LDR  02068cam a2200505Ia 4500
=001  9915432573907426
=005  20240620153241.0
=008  890419s1943\\\\dcu\\\\\\s\\\f000\0\eng\d
=016  7\$aCAT10307334$2DNAL
=035  \\$a350633
=035  \\$a(OCoLC)15669797
=035  \\$a(DNAL)350633-naldb-Voyager
=040  \\$aRQF$beng$cRQF$dAGL$dOCLCQ$dOCLCF$dOCLCO$dCOF$dOCLCA
=043  \\$an-us---
=049  \\$aAGLY
=050  \0$aS21$b.A46 no.522
=070  0\$a1$bAg84M no.522
=072  \0$aL200
=086  0\$aA 1.38:522
=245  00$aList of sires proved in dairy herd improvement associations, 1943 /$ccompiled by the Division of Dairy Herd Improvement Investigations, Bureau of Dairy Industry, Agricultural Research Administration.
=260  \\$aWashington, D.C. :$bU.S. Dept. of Agriculture,$c1943.
=300  \\$a97 pages ;$c23 cm.
=336  \\$atext$btxt$2rdacontent
=337  \\$aunmediated$bn$2rdamedia
=338  \\$avolume$bnc$2rdacarrier
=490  1\$aMiscellaneous publication / United States Department of Agriculture ;$vno. 522
=591  \\$bNAL Reclamation
=593  \\$fAgricola CAT
=650  \0$aDairy cattle breeds.$0http://id.loc.gov/authorities/subjects/sh85035438
=650  \0$aDairy cattle$xBreeding$zUnited States.
=651  \7$aUnited States.$2fast$0(OCoLC)fst01204155
=655  \3$aInternet resource.
=710  1\$aUnited States.$bDivision of Dairy Herd Improvement Investigations.$0http://id.loc.gov/authorities/names/no2005089915
=776  08$iOnline version:$tList of sires proved in dairy herd improvement associations, 1943.$dWashington, D.C. : U.S. Dept. of Agriculture, 1943$w(OCoLC)990326495
=830  \0$aMiscellaneous publication (United States. Department of Agriculture) ;$vno. 522.
=841  \\$ax   $b8709220u    0   4   uu   1870922$ez
=852  \\$aDNAL$i1 Ag84M no.522
=856  41$uhttps://archive.org/details/listofsiresprove522unit
=912  \\$analcatalog
=930  \\$a20140305$b20140404$c00000000
=945  \\$aUIU
=945  \\$p102
=945  \\$aDigiMet
=946  \\$aUSDA
=994  \\$a92$bAGL

