=LDR  02254cam a2200613 i 4500
=001  9915432594007426
=005  20240624171317.0
=008  890202s1974\\\\dcu\\\\\\bs\\f000\0\eng\\
=010  \\$a   74603076 
=016  7\$aCAT10305515$2DNAL
=035  \\$a350575
=035  \\$a(OCoLC)01256606
=035  \\$a(DNAL)350575-naldb-Voyager
=040  \\$aDLC$beng$cDLC$dIUL$dOCLCG$dCLU$dOCLCO$dOCLCF$dOCLCQ$dOCLCO$dCOD$dOCL$dAGL
=043  \\$aew-----
=049  \\$aAGLX
=050  00$aHD9425.E82$bP5
=070  0\$aA281.9$bAg83 no.367
=072  \0$aT000
=072  \0$aL100
=072  \0$aE700
=086  0\$aA 93.21/2:367
=100  1\$aPhillips, Donald M.$0http://id.loc.gov/authorities/names/no97000401
=245  10$aWestern Europe's beef production, consumption, and trade :$bsituation and outlook /$c[by Donald M. Phillips, Jr., Lorin O. Lovfald, Reed E. Friend].
=260  \\$a[Washington] :$bEconomic Research Service, U.S. Dept. of Agriculture,$c[1974]
=300  \\$avi, 30 pages :$bgraphs ;$c26 cm.
=336  \\$atext$btxt$2rdacontent
=337  \\$aunmediated$bn$2rdamedia
=338  \\$avolume$bnc$2rdacarrier
=490  1\$aERS-foreign ;$v367
=504  \\$aIncludes bibliographical references (page 30).
=591  \\$bNAL Reclamation
=593  \\$fAgricola CAT
=650  \0$aVeal industry$zEurope, Western.
=650  \0$aMeat industry and trade$zEurope, Western.
=650  \0$aBeef industry$zEurope, Western.
=651  \7$aWestern Europe.$2fast$0(OCoLC)fst01272478
=655  \3$aInternet resource.
=700  1\$aLovfald, Lorin O.,$eauthor.
=700  1\$aFriend, Reed Eugene,$d1931-$eauthor.$0http://id.loc.gov/authorities/names/n50024149
=710  1\$aUnited States.$bDepartment of Agriculture.$bEconomic Research Service.$0http://id.loc.gov/authorities/names/n79086751
=830  \0$aERS-foreign ;$v367.
=841  \\$ax   $b8709220u    0   4   uu   1870922$ez
=852  \\$aDNAL$iA281.9 Ag83 no.367
=856  40$uhttps://archive.org/details/westerneuropesbe367phil
=912  \\$analcatalog
=930  \\$a20140305$b20140404$c00000000
=939  \\$a20130417$b20130503$c00000000
=945  \\$aXIU
=945  \\$p40
=945  \\$aDigiMet
=946  \\$aUSDA
=959  \\$c2013-04-17$essouder$gde
=994  \\$a92$bAGL

