=LDR  01413cam a2200445 a 4500
=001  9915432597807426
=005  20240624171323.0
=008  890202s1974\\\\dcub\\\\\b\\\f00010\eng\d
=016  7\$aCAT10305385$2DNAL
=035  \\$a(OCoLC)ocm02664226 890202
=035  \\$90305-38560
=035  \\$a350569
=035  \\$a(DNAL)350569-naldb-Voyager
=040  \\$aAGL$cAGL$dm/c$dAGL
=043  \\$af-tz---
=049  \\$aAGLX
=070  \\$aA281.9$bAg83 No.366
=072  \0$aE130
=100  10$aPritchard, Brian J.
=245  10$aTanzania's agricultural economy in brief /$c[by Brian J. Pritchard].
=260  0\$aWashington, D.C. :$bEconomic Research Service, U.S. Dept. of Agriculture,$c1974.
=300  \\$ai, 22 p. :$b1 map ;$c24 cm.
=490  0\$aU.S. Dept. of Agriculture. Economic Research Service. ERS-Foreign ; 366
=500  \\$aCover title.
=504  \\$aIncludes bibliographical references.
=593  \\$fAgricola CAT
=650  \0$aAgriculture$zTanzania.
=655  \3$aInternet resource
=841  \\$ax   $b8709220u    0   4   uu   1870922$ez
=852  \\$aDNAL$iA281.9 Ag83 No.366
=856  41$uhttps://archive.org/details/tanzaniasagricul366prit
=912  \\$analcatalog
=930  \\$a20140305$b20140404$c00000000
=939  \\$a20130417$b20130503$c00000000
=945  \\$aXIU
=945  \\$p32
=945  \\$aDigiMet
=946  \\$aUSDA
=959  \\$c2013-04-17$essouder$gde
=997  \\$aocm02664226

