=LDR  01266cam a2200397 a 4500
=001  9915432604507426
=005  20240620153301.0
=008  890419s1974\\\\dcuab\\\\b\\\f00010\eng\d
=016  7\$aCAT10305671$2DNAL
=035  \\$a(OCoLC)ocm01871721 890419
=035  \\$90305-67160
=035  \\$a350579
=035  \\$a(DNAL)350579-naldb-Voyager
=040  \\$aDRB$cDRB$dm.c.$dm/c$dAGL
=049  \\$aAGLX
=070  0\$aA281.9$bAg83 no.368
=072  \0$aE700
=100  10$aCohen, Marshall H.
=245  10$aDemand for soybean meal in Denmark /$c[by Marshall H. Cohen.]
=260  0\$aWashington, D.C. :$bEconomic Research Service, U.S. Dept. of Agriculture,$c1974.
=300  \\$av, 36 p. :$bill., 1 map ;$c26 cm.
=490  0\$aU.S. Dept. of Agriculture. Economic Research Service. ERS-Foreign ; 368
=500  \\$aCover title.
=504  \\$aBibliography: p. 32-34.
=593  \\$fAgricola CAT
=650  \0$aSoybean meal as feed.
=655  \3$aInternet resource
=841  \\$ax   $b8709220u    0   4   uu   1870922$ez
=852  \\$aDNAL$iA281.9 Ag83 no.368
=856  41$uhttps://archive.org/details/demandforsoybean368cohe
=912  \\$analcatalog
=930  \\$a20140305$b20140404$c00000000
=945  \\$aXIU
=945  \\$p48
=945  \\$aDigiMet
=946  \\$aUSDA

