=LDR  03136cam a2200745   4500
=001  9915432606007426
=005  20240624171323.0
=008  890419s1969\\\\dcu\\\\\\b\\\f001\0\eng\\
=010  \\$a   70602234 
=016  7\$aCAT10310260$2DNAL
=019  \\$a805417706$a1201581763
=020  \\$a0070602234
=020  \\$a9780070602236
=020  \\$a0070602239
=035  \\$a350133
=035  \\$a(OCoLC)00025715$z(OCoLC)805417706$z(OCoLC)1201581763
=035  \\$a(DNAL)350133-naldb-Voyager
=035  \\$z(OCoLC)805417706$z(OCoLC)1201581763
=040  \\$aDLC$beng$cDLC$dOCL$dIUL$dOCLCQ$dOCLCG$dZAS$dCUN$dLHL$dOCLCO$dOCLCA$dOCLCF$dOCLCQ$dOCLCO$dOKS$dOCLCA$dOCLCQ$dQE2$dWURST$dOCL$dAGL
=043  \\$an-us---
=049  \\$aAGLX
=050  00$aS21$b.A46 no. 1145
=050  10$aHC110.P6$bA12 M217p 1969
=070  0\$a1$bAg84M no.1145
=072  \0$aE550
=086  0\$aA 1.38:1145
=100  1\$aMaida, Peter R.
=245  14$aThe poor:$ba selected bibliography$c[by Peter R. Maida and John L. McCoy.
=260  \\$aWashington]$bEconomic Research Service [U.S. Dept. of Agriculture; for sale by the Supt. of Docs., U.S. Govt. Print. Off.],$c[1969]
=300  \\$aii, 56 pages$c27 cm.
=336  \\$atext$btxt$2rdacontent
=337  \\$aunmediated$bn$2rdamedia
=338  \\$avolume$bnc$2rdacarrier
=490  1\$aUnited States. Dept. of Agriculture. Miscellaneous publication$vno. 1145
=505  0\$aGeneral. pp. 1.
=505  0\$aEmergence and identification of poverty. pp. 3.
=505  0\$aGroups with special problems. pp. 7.
=505  0\$aThe life-space : Individual and community. pp. 17.
=505  0\$aEducational achievement, aspirations, and learning problems. pp. 29.
=505  0\$aResource development problems and programs. pp. 31.
=505  0\$aMiscellaneous collection of poverty literature. pp. 42.
=505  0\$aBibliographies. pp. 42.
=505  0\$aAuthor index. pp. 44.
=591  \\$bNAL Reclamation
=593  \\$fAgricola CAT
=650  \0$aPoor$zUnited States$vBibliography.
=651  \7$aUnited States.$2fast$0(OCoLC)fst01204155
=655  \3$aInternet resource.
=655  \7$aBibliographies.$2fast$0(OCoLC)fst01919895
=700  1\$aMcCoy, John L.,$d1933-$eauthor.$0http://id.loc.gov/authorities/names/n87803702
=710  1\$aUnited States.$bDepartment of Agriculture.$bEconomic Research Service.$0http://id.loc.gov/authorities/names/n79086751
=776  08$iOnline version:$aMaida, Peter R.$tPoor: a selected bibliography.$dWashington] Economic Research Service [U.S. Dept. of Agriculture; for sale by the Supt. of Docs., U.S. Govt. Print. Off., 1969]$w(OCoLC)654446113
=830  \0$aMiscellaneous publication (United States. Department of Agriculture) ;$vno. 1145.
=841  \\$ax   $b8709220u    0   4   uu   1870922$ez
=852  \\$aDNAL$i1 Ag84M no.1145
=856  41$uhttps://archive.org/details/poorselectedbibl1145maid
=912  \\$analcatalog
=930  \\$a20140305$b20140404$c00000000
=939  \\$a20130417$b20130503$c00000000
=945  \\$aXIU
=945  \\$p68
=945  \\$aDigiMet
=946  \\$aUSDA
=959  \\$c2013-04-17$essouder$gde
=994  \\$a92$bAGL

