=LDR  01680cam a2200469Ia 4500
=001  9915432766407426
=005  20240624172548.0
=008  801230s1924\\\\ohua\\\\\\\\\\001\0\eng\d
=016  7\$aCAT10544511$2DNAL
=035  \\$a768788
=035  \\$a(OCoLC)07040459
=035  \\$a(DNAL)768788-naldb-Voyager
=040  \\$aTXA$beng$cTXA$dAGL$dOCLCQ$dOCLCF$dOCLCQ$dOCLCO$dVPI
=049  \\$aAGLL
=050  10$aSF487$b.R6582 1924
=070  0\$aSF487.R59$b1924
=072  \0$aP000
=100  1\$aRobinson, John Henry,$d1863-1935.
=245  10$aOur domestic birds :$ba popular primer of aviculture /$cby John H. Robinson.
=260  \\$aDayton, Ohio, U.S.A. :$bReliable Poultry Journal Pub. Co.,$c[1924]
=300  \\$ax, 317 pages :$billustrations ;$cDc 20 cm
=336  \\$atext$btxt$2rdacontent
=337  \\$aunmediated$bn$2rdamedia
=338  \\$avolume$bnc$2rdacarrier
=591  \\$bNAL Reclamation
=593  \\$fAgricola CAT
=650  \0$aBirds.$0http://id.loc.gov/authorities/subjects/sh85014310
=655  \3$aInternet resource.
=776  08$iOnline version:$aRobinson, John Henry, 1863-1935.$tOur domestic birds.$dDayton, Ohio, U.S.A. : Reliable Poultry Journal Pub. Co., [1924]$w(OCoLC)691073454
=856  41$uhttps://archive.org/details/ourdomesticbirds00robi_1
=912  \\$analcatalog
=930  \\$a20160804$b20160902$c00000000
=939  \\$a20140702$b20140807$c00000000
=939  \\$a20120911$b20121009$c00000000
=939  \\$a19951102$b19951108$c00000000
=945  \\$ddmn$e95/10/27$fdmn$g95/10/31
=945  \\$p336
=945  \\$aDigiMet
=946  \\$aOther US
=959  \\$c2012-09-11$earojas$gap
=959  \\$c2016-08-04$emlydon$gac
=994  \\$a92$bAGL

