=LDR  01770cam a2200493Ia 4500
=001  9915433685707426
=005  20240620155138.0
=008  941117s1994\\\\dcu\\\\\\r\\\f000\0\eng\\
=016  7\$aCAT10685941$2DNAL
=035  \\$a638180
=035  \\$a(OCoLC)31477645
=035  \\$a(DNAL)638180-naldb-Voyager
=040  \\$aAGL$beng$cAGL$dOCL$dOCLCQ$dOCLCO$dOCLCA$dOCLCF$dOCLCQ$dOCLCO$dOCLCA$dAGL
=043  \\$an-us---
=049  \\$aAGLL
=050  \0$aHD9000.9.U5$bA7 1994
=070  0\$a1$bAg84M no.1509 1994
=072  \0$aE700
=072  \0$aQ000
=245  00$aFood & agricultural export directory.
=246  3\$aFood and agricultural export directory
=260  \\$aWashington, DC :$bU.S. Dept. of Agriculture, Foreign Agricultural Service,$c[1994]
=300  \\$a82 pages ;$c28 cm.
=336  \\$atext$btxt$2rdacontent
=337  \\$aunmediated$bn$2rdamedia
=338  \\$avolume$bnc$2rdacarrier
=490  1\$aMiscellaneous publication / United States Department of Agriculture ;$vno. 1509
=591  \\$bNAL Reclamation
=593  \\$fAgricola CAT
=650  \0$aProduce trade$zUnited States$vDirectories.
=651  \7$aUnited States.$2fast$0(OCoLC)fst01204155
=655  \3$aInternet resource.
=655  \7$aDirectories.$2fast$0(OCoLC)fst01423796
=710  1\$aUnited States.$bForeign Agricultural Service.$0http://id.loc.gov/authorities/names/n80126196
=830  \0$aMiscellaneous publication (United States. Department of Agriculture) ;$vno. 1509.
=856  41$uhttps://archive.org/details/foodagricultural1509unit
=912  \\$analcatalog
=930  \\$a20140305$b20140404$c00000000
=939  \\$a19941208$b19941215$c00000000
=945  \\$dDF$e94/11/17$fVS$g94/11/18$n1
=945  \\$p96
=945  \\$aDigiMet
=946  \\$aUSDA
=994  \\$a92$bAGL

