=LDR  01757cam a2200469Ia 4500
=001  9915433913607426
=005  20240620155223.0
=008  940214s1993\\\\dcuab\\\\b\\\f000\0\eng\d
=016  7\$aCAT10686712$2DNAL
=035  \\$a638813
=035  \\$a(OCoLC)29809682
=035  \\$a(DNAL)638813-naldb-Voyager
=040  \\$aNBP$beng$cNBP$dAGL$dOCLCQ$dOCLCF
=049  \\$aAGLL
=070  0\$a1$bAg84M no.1504
=072  \0$aL821
=072  \0$aF120
=100  1\$aBryan, Michael D.
=245  10$aReleases of introduced parasites of the alfalfa weevil in the United States, 1957-88 /$cby Michael D. Bryan, Richard J. Dysart, and Thomas L. Burger.
=260  \\$a[Washington, D.C.] :$bU.S. Dept. of Agriculture, Animal and Plant Health Inspection Service,$c1993.
=300  \\$a203 pages :$billustrations (some color), maps ;$c28 cm.
=336  \\$atext$btxt$2rdacontent
=337  \\$aunmediated$bn$2rdamedia
=338  \\$avolume$bnc$2rdacarrier
=490  1\$aMiscellaneous publication / United States Department of Agriculture. Animal and Plant Health Inspection Service ;$vno. 1504
=504  \\$aIncludes bibliographical references (pages 7-8).
=591  \\$bNAL Reclamation
=593  \\$fAgricola CAT
=650  \0$aAlfalfa weevil$xBiological control.
=655  \3$aInternet resource.
=700  1\$aDysart, Richard J.
=700  1\$aBurger, Thomas L.
=830  \0$aMiscellaneous publication (United States. Department of Agriculture) ;$vno. 1504.
=856  41$uhttps://archive.org/details/releasesofintrod1504brya
=912  \\$analcatalog
=930  \\$a20140305$b20140404$c00000000
=939  \\$a19950110$b19950113$c00000000
=945  \\$dML$e94/11/29$fEJ$g94/12/06
=945  \\$p216
=945  \\$aDigiMet
=946  \\$aUSDA
=994  \\$a92$bAGL

