=LDR  02911cam a22005651  4500
=001  9915477576107426
=005  20240620191616.0
=008  980131s1942\\\\dcu\\\\\\b\\\f000\0\eng\\
=010  \\$a   43014064 
=016  7\$aCAT10841043$2DNAL
=035  \\$a807746
=035  \\$a(OCoLC)05200684
=035  \\$a(DNAL)807746-naldb-Voyager
=040  \\$aDLC$beng$cDLC$dAFU$dAGL$dUBY$dWIH$dCOD$dWRJ$dOCLCF$dCOF$dOCLCO$dOCLCQ$dOCLCO$dOCL$dOCLCQ
=042  \\$apremarc
=043  \\$an-us---
=049  \\$aAGLL
=050  00$aHD1753 1942b
=070  0\$a1.941$bL4P69
=072  \0$aE550
=086  0\$aA 36.2:Su 1
=110  1\$aUnited States.$bBureau of Agricultural Economics.$0http://id.loc.gov/authorities/names/n80060900
=245  12$aA place on earth,$ba critical appraisal of subsistence homesteads.$cEditors: Russell Lord, Paul H. Johnstone.
=246  30$aCritical appraisal of subsistence homesteads
=260  \\$aWashington, D.C.,$c1942.
=300  \\$aiii-viii, 202 pages$c27 cm
=336  \\$atext$btxt$2rdacontent
=337  \\$aunmediated$bn$2rdamedia
=338  \\$avolume$bnc$2rdacarrier
=504  \\$aIncludes bibliographical references (pages 199-202).
=505  2\$aThe back-to-the-land movement, by Paul H. Johnstone and Dorothy C. Goodwin.--The drive for legislation, by Paul H. Johnstone and Dorothy C. Goodwin.--The administration of the subsistence-homesteads program, by Paul H. Johnstone and Dorothy C. Goodwin.--Austin Acres, by Howard W. Wolaver and Nat T. Frame.--The subsistence homesteads near Birmingham, by Walter M. Kollmorgen.--Cumberland Homesteads, by Dwight M. Davidson, Jr., and Olen E Leonard.--El Monte, by Olen E. Leonard.--Granger Homesteads, by Ralph R. Nichols.--Houston Gardens, by Ralph R. Nichols.--Jersey Homesteads, by Ralph H. Danhof.--Longview Homesteads, by Dwight M. Davidson, Jr.--Phoenix Homesteads, by Olen E. Leonard.--What has been learned, by Paul H. Johnstone.
=591  \\$bNAL Reclamation
=593  \\$fAgricola CAT
=650  \0$aRural development$zUnited States.
=650  \0$aAgricultural colonies$zUnited States.
=650  \0$aSubsistence farming$zUnited States$xEvaluation.
=650  \0$aAllotment of land$zUnited States.
=651  \7$aUnited States.$2fast$0(OCoLC)fst01204155
=655  \3$aInternet resource.
=700  1\$aLord, Russell,$d1895-1964,$eeditor.$0http://id.loc.gov/authorities/names/n50042296
=700  1\$aJohnstone, Paul H.$q(Paul Howard),$d1903-1981,$eeditor.$0http://id.loc.gov/authorities/names/n2017005305
=776  08$iOnline version:$aUnited States. Bureau of Agricultural Economics.$tPlace on earth.$dWashington, D.C., 1942$w(OCoLC)687036664
=856  41$uhttps://archive.org/details/placeonearthcrit00unit
=912  \\$analcatalog
=930  \\$a20140603$b20140704$c00000000
=939  \\$a19980201$b19980206$c00000000
=945  \\$aDigiMet
=945  \\$p216
=946  \\$aOther US
=994  \\$a92$bAGL

