=LDR  02211cam a2200541Ia 4500
=001  9915477698407426
=005  20240620191708.0
=008  980127s1963\\\\dcua\\\\\b\\\f000\0\eng\d
=016  7\$aCAT10840732$2DNAL
=035  \\$a807446
=035  \\$a(OCoLC)31878510
=035  \\$a(DNAL)807446-naldb-Voyager
=040  \\$aCLU$beng$cCLU$dOCL$dAGL$dOCLCQ$dCUV$dOCLCQ$dOCLCF$dOCLCQ$dOCLCO$dVA@$dGPO
=043  \\$an-us---
=049  \\$aAGLL
=070  0\$aA280.29$bF22I no.36
=072  \0$aE200
=086  0\$aA 89.15:36
=110  1\$aUnited States.$bFarmer Cooperative Service.$0http://id.loc.gov/authorities/names/n79086753
=245  14$aThe way Farmer Cooperative Service works :$ba vital link in the chain of cooperative progress.
=260  \\$aWashington, D.C. :$bFarmer Cooperative Service, U.S. Dept. of Agriculture,$c1963.
=300  \\$a[2], 17 pages :$billustrations ;$c23 cm.
=336  \\$atext$btxt$2rdacontent
=337  \\$aunmediated$bn$2rdamedia
=338  \\$avolume$bnc$2rdacarrier
=490  1\$aInformation / Farmer Cooperative Service (series) ;$v36
=504  \\$aIncludes bibliographical references (page 4 of cover).
=591  \\$bNAL Reclamation
=593  \\$fAgricola CAT
=610  10$aUnited States.$bFarmer Cooperative Service$0http://id.loc.gov/authorities/names/n79086753
=610  17$aUnited States.$bFarmer Cooperative Service$2fast$0(OCoLC)fst00535358
=650  \0$aAgriculture, Cooperative$xGovernment policy$zUnited States.
=650  \3$amicroeconomics.
=650  \3$afarm management.
=650  \3$aagricultural economics.
=651  \7$aUnited States.$2fast$0(OCoLC)fst01204155
=655  \3$aInternet resource.
=700  1\$aStanton, Beryle, E.
=776  08$iOnline version:$aUnited States. Farmer Cooperative Service.$tWay Farmer Cooperative Service works.$dWashington, D.C. : Farmer Cooperative Service, U.S. Dept. of Agriculture, 1963$w(OCoLC)1039089405
=830  \0$aFCS information ;$v36.
=856  41$uhttps://archive.org/details/wayfarmercoopera36unit
=912  \\$analcatalog
=930  \\$a20140305$b20140404$c00000000
=939  \\$a19980201$b19980206$c00000000
=945  \\$aDigiMet
=945  \\$p28
=946  \\$aOther US
=994  \\$a92$bAGL

