=LDR  02183cam a2200541Ii 4500
=001  9915477729507426
=005  20240624183558.0
=008  980131s1942\\\\dcu\\\\\\b\\\f000\0\eng\c
=010  \\$aagr42000169 
=016  7\$aCAT10841052$2DNAL
=035  \\$a807755
=035  \\$a(OCoLC)26709966
=035  \\$a(DNAL)807755-naldb-Voyager
=040  \\$aU.S. Dept. of agr. Library$beng$cZCU$dAGL$dOCLCQ$dOCLCG$dCLU$dOCLCA$dNUI$dOCLCA$dOCLCF$dOCLCQ$dOCLCO$dRIU$dFUG$dOCL
=043  \\$an-us---
=049  \\$aAGLL
=050  00$aZ5074.E3$bU35 no.96
=070  0\$a1.9$bEc73A no.96 1942
=072  \0$aE200
=086  0\$aA 36.13:96
=100  1\$aBercaw, Louise O.$q(Louise Oldham),$d1894-$ecompiler.$0http://id.loc.gov/authorities/names/n89616309
=245  10$aDistribution of farm income by size, a selected bibliography /$ccompiled by Louise O. Bercaw and Helen E. Hennefrund.
=260  \\$aWashington, DC :$bThe Bureau,$c1942.
=300  \\$aiii-iv, 103 pages ;$c27 cm.
=336  \\$atext$btxt$2rdacontent
=337  \\$aunmediated$bn$2rdamedia
=338  \\$avolume$bnc$2rdacarrier
=490  1\$aU.S. Bureau of agricultural economics. [Library] Agricultural economics bibliography$vno. 96
=504  \\$a"Sources consulted": page iv.
=591  \\$bNAL Reclamation
=593  \\$fAgricola CAT
=650  \0$aAgriculture$xEconomic aspects$vBibliography.
=650  \0$aCost and standard of living$zUnited States$vBibliography.
=650  \0$aFarm life$vBibliography.
=651  \7$aUnited States.$2fast$0(OCoLC)fst01204155
=655  \7$aBibliographies.$2fast$0(OCoLC)fst01919895
=700  1\$aHennefrund, Helen E.$q(Helen Emma),$d1909-$ecompiler.$0http://id.loc.gov/authorities/names/no2019071680
=710  1\$aUnited States.$bBureau of Agricultural Economics.$0http://id.loc.gov/authorities/names/n80060900
=830  \0$aAgricultural economics bibliography ;$vno. 96.
=856  41$uhttps://archive.org/details/distributionoffa96berc
=912  \\$analcatalog
=930  \\$a20140523$b20140606$c00000000
=939  \\$a19980201$b19980206$c00000000
=945  \\$aDigiMet
=945  \\$p122
=946  \\$aOther US
=959  \\$c2014-10-03$essouder$gurl
=994  \\$a92$bAGL

