=LDR  02340cam a2200565Ia 4500
=001  9915477738207426
=005  20240624183553.0
=007  he\bmb024bbca
=008  980212s1996\\\\orua\\\\bb\\\f000\0\eng\d
=016  7\$aCAT10841800$2DNAL
=035  \\$a803925
=035  \\$a(OCoLC)37905764
=035  \\$a(DNAL)803925-naldb-Voyager
=040  \\$aGPO$beng$cGPO$dCZL$dOCLCQ$dOCLCF$dOCLCQ$dSFR$dVPI$dAGL
=043  \\$an-us-ca
=049  \\$aAGLL
=050  \0$aSD11$b.A45614 no.486
=070  0\$aFiche$bS-133 (A 13.78:PNW-RP-486 )
=072  \\$aK000
=074  \\$a0083-B (MF)
=086  0\$aA 13.78:PNW-RP-486
=245  00$aSmoke emissions from prescribed burning of southern California chaparral /$cColin C. Hardy [and others].
=260  \\$a[Portland, Or.] :$bU.S. Dept. of Agriculture, Forest Service, Pacific Northwest Research Station ;$a[Sacramento, Calif.?] :$bState of California, Resources Agency, Dept. of Forestry and Fire Protection, Vegetation Management Program,$c[1996]
=300  \\$a37 pages :$billustrations ;$c28 cm.
=336  \\$atext$btxt$2rdacontent
=337  \\$amicroform$bh$2rdamedia
=338  \\$amicrofiche$bhe$2rdacarrier
=490  1\$aResearch paper PNW ;$vRP-486
=504  \\$aIncludes bibliographical references (pages 31-33).
=530  \\$aAlso available in print version (NAL call no.: A99.9$b.F7625 Uni. no. 486)
=533  \\$aMicrofiche.$b[Washington, D.C.?] :$cSupt. of Docs., U.S. G.P.O.,$d1997.$e1 microfiche : negative.
=591  \\$bNAL Reclamation
=593  \\$fAgricola CAT
=650  \0$aPrescribed burning$xEnvironmental aspects$zCalifornia.
=650  \0$aChaparral ecology$zCalifornia.
=650  \0$aSmoke$xEnvironmental aspects$zCalifornia.
=651  \7$aCalifornia.$2fast$0(OCoLC)fst01204928
=700  1\$aHardy, Colin C.
=710  2\$aPacific Northwest Research Station (Portland, Or.)$0http://id.loc.gov/authorities/names/n85303399
=710  2\$aVegetation Management Program (Calif.)$0http://id.loc.gov/authorities/names/no97065106
=830  \0$aResearch paper PNW ;$v486.
=856  41$uhttps://archive.org/details/CAT10841800
=912  \\$analcatalog
=930  \\$a20070607$b20070702$c00000000
=939  \\$a19980301$b19980309$c00000000
=945  \\$aDigiMet
=945  \\$p52
=946  \\$aOther US
=959  \\$c2014-10-03$essouder$gurl
=994  \\$a92$bAGL

