=LDR  02302cam a2200589Ia 4500
=001  9915477750907426
=005  20240624183552.0
=007  he\bmb024bbca
=008  980224s1996\\\\oruab\\\bb\\\f000\0\eng\d
=016  7\$aCAT10842574$2DNAL
=035  \\$a803016
=035  \\$a(OCoLC)37821622
=035  \\$a(DNAL)803016-naldb-Voyager
=040  \\$aGPO$beng$cGPO$dOCL$dCZL$dOCLCQ$dOCLCF$dOCLCQ$dCOF$dSFR$dVPI$dOCLCQ$dOCL$dOCLCQ$dAGL
=043  \\$an-us-ca
=049  \\$aAGLL
=050  \0$aSD11$b.A45614 no.491
=070  0\$aFiche S-133 (A 13.78: PNW-RP-491)
=072  \\$aP300
=074  \\$a0083-B (MF)
=086  0\$aA 13.78:PNW-RP-491
=086  0\$aA 13.78:PNW-491
=100  1\$aBeardsley, Debby.
=245  10$aOld growth in northwestern California national forests /$cDebby Beardsley and Ralph Warbington.
=260  \\$aPortland, Or. (333 S.W. First Ave., P.O. Box 3890, Portland 97208-3890) :$bU.S. Dept. of Agriculture, Forest Service, Pacific Northwest Research Station,$c[1996]
=300  \\$a47 pages :$billustrations, map ;$c28 cm
=336  \\$atext$btxt$2rdacontent
=337  \\$amicroform$bh$2rdamedia
=338  \\$amicrofiche$bhe$2rdacarrier
=490  1\$aResearch paper PNW ;$vRP-491
=504  \\$aIncludes bibliographical references (pages 40-41).
=530  \\$aAlso available in print version (NAL call. no. A99.9$bF7625Uni no. 491)
=533  \\$aMicrofiche.$b[Washington, D.C.?] :$cSupt. of Docs., U.S. G.P.O.,$d1997.$e1 microfiche : negative.
=591  \\$bNAL Reclamation
=593  \\$fAgricola CAT
=650  \0$aOld growth forests$zCalifornia, Northern.
=650  \0$aForest reserves$zCalifornia, Northern.
=650  \0$aNational parks and reserves$zCalifornia, Northern.
=651  \7$aNorthern California.$2fast$0(OCoLC)fst01692637
=700  1\$aWarbington, Ralph.
=710  2\$aPacific Northwest Research Station (Portland, Or.)$0http://id.loc.gov/authorities/names/n85303399
=776  1\$cOriginal$w(DLC)   96212794
=830  \0$aResearch paper PNW ;$v491.
=856  41$uhttps://archive.org/details/CAT10842574
=912  \\$analcatalog
=930  \\$a20070607$b20070702$c00000000
=939  \\$a19980401$b19980408$c00000000
=945  \\$aDigiMet
=945  \\$p60
=946  \\$aOther US
=959  \\$c2014-10-03$essouder$gurl
=994  \\$a92$bAGL

