=LDR  02351cam a2200601Ia 4500
=001  9915477777507426
=005  20240620193422.0
=007  he\bmb024bbca
=008  980224s1996\\\\utuab\\\bb\\\f000\0\eng\d
=016  7\$aCAT10842571$2DNAL
=019  \\$a1225743971
=035  \\$a803932
=035  \\$a(OCoLC)37904550$z(OCoLC)1225743971
=035  \\$a(DNAL)803932-naldb-Voyager
=035  \\$z(OCoLC)1225743971
=040  \\$aGPO$beng$cGPO$dOCLCQ$dOCLCF$dOCLCQ$dOCLCO$dOCLCQ$dTKN$dAGL
=043  \\$anr-----
=049  \\$aAGLL
=050  \0$aSD11.E23$bP3 no.INT-RP-484
=070  0\$aFiche$bS-133 (A 13.78:INT-RP-484 )
=072  \0$aF300
=072  \0$aK001
=074  \\$a0083-B (MF)
=086  0\$aA 13.78:INT-RP-484
=100  1\$aKeane, Robert E.
=245  10$aFIRE-BGC--a mechanistic ecological process model for simulating fire succession on coniferous forest landscapes of the northern Rocky Mountains /$cRobert E. Keane, Penelope Morgan, Steven W. Running.
=260  \\$aOgden, UT (324 25th St., Ogden 84401) :$bU.S. Dept. of Agriculture, Forest Service, Intermountain Research Station,$c[1996]
=300  \\$a122 pages :$billustrations, maps ;$c28 cm.
=336  \\$atext$btxt$2rdacontent
=337  \\$amicroform$bh$2rdamedia
=338  \\$amicrofiche$bhe$2rdacarrier
=490  1\$aResearch paper INT ;$vRP-484
=504  \\$aIncludes bibliographical references (pages 73-85).
=533  \\$aMicrofiche.$b[Washington, D.C.?] :$cSupt. of Docs., U.S. G.P.O.,$d[1997].$e2 microfiches : negative.
=591  \\$bNAL Reclamation
=593  \\$fAgricola CAT
=650  \0$aFire ecology$zRocky Mountains$xMathematical models.
=650  \0$aForest dynamics$zRocky Mountains$xMathematical models.
=650  \0$aPlant succession$zRocky Mountains$xMathematical models.
=651  \7$aRocky Mountains.$2fast$0(OCoLC)fst01241420
=655  \3$aInternet resource.
=700  1\$aMorgan, Penelope.
=700  1\$aRunning, S. W.
=710  2\$aIntermountain Research Station (Ogden, Utah)$0http://id.loc.gov/authorities/names/n85066590
=830  \0$aResearch paper INT ;$v484.
=856  41$uhttps://archive.org/details/firebgcamechanis484kean
=912  \\$analcatalog
=930  \\$a20140305$b20140404$c00000000
=939  \\$a19980401$b19980408$c00000000
=945  \\$aDigiMet
=945  \\$p132
=946  \\$aOther US
=994  \\$a92$bAGL

