=LDR  01956cam a2200505Ia 4500
=001  9915477784107426
=005  20240620193428.0
=007  he\bmb024bbca
=008  980212s1996\\\\utua\\\\bb\\\f000\0\eng\d
=016  7\$aCAT10841797$2DNAL
=035  \\$a803852
=035  \\$a(OCoLC)37897858
=035  \\$a(DNAL)803852-naldb-Voyager
=040  \\$aGPO$beng$cGPO$dOCLCG$dCZL$dOCLCQ$dOCLCF$dOCLCQ$dUOK$dTKN$dAGL
=049  \\$aAGLL
=050  \0$aSD11.E23$bP3 no.INT-RP-493
=070  0\$aFiche$bS-133 (A 13.78:INT-RP-493 )
=072  \0$aF000
=074  \\$a0083-B (MF)
=086  0\$aA 13.78:INT-RP-493
=100  1\$aWelch, Bruce L.$q(Bruce Leigh),$d1943-$0http://id.loc.gov/authorities/names/n82042034
=245  10$aEffects of humidity on storing big sagebrush seed /$cBruce L. Welch.
=260  \\$a[Ogden, Utah] :$bU.S. Dept. of Agriculture, Forest Service, Intermountain Research Station,$c[1996]
=300  \\$a5 pages :$billustrations ;$c28 cm.
=336  \\$atext$btxt$2rdacontent
=337  \\$amicroform$bh$2rdamedia
=338  \\$amicrofiche$bhe$2rdacarrier
=490  1\$aResearch paper INT ;$vRP-493
=504  \\$aIncludes bibliographical references (page 5).
=533  \\$aMicrofiche.$b[Washington, D.C.?] :$cSupt. of Docs., U.S. G.P.O.,$d1997.$e1 microfiche : negative.
=591  \\$bNAL Reclamation
=593  \\$fAgricola CAT
=650  \0$aBig sagebrush.$0http://id.loc.gov/authorities/subjects/sh85013965
=650  \0$aSeeds$xStorage.$0http://id.loc.gov/authorities/subjects/sh85119561
=655  \3$aInternet resource.
=710  2\$aIntermountain Research Station (Ogden, Utah)$0http://id.loc.gov/authorities/names/n85066590
=830  \0$aResearch paper INT ;$v493.
=856  41$uhttps://archive.org/details/effectsofhumidit493welc
=912  \\$analcatalog
=930  \\$a20140305$b20140404$c00000000
=939  \\$a19980301$b19980309$c00000000
=945  \\$aDigiMet
=945  \\$p12
=946  \\$aOther US
=994  \\$a92$bAGL

