=LDR  01712cam a2200481 a 4500
=001  9915478243807426
=005  20240620193222.0
=008  920801s1941\\\\dcua\\\\\\\\\f000\0\eng\\
=016  7\$aCAT10596292$2DNAL
=035  \\$a273873
=035  \\$a(OCoLC)10174490
=035  \\$a(DNAL)273873-naldb-Voyager
=040  \\$aAGL$beng$cAGL$dOCL$dOCLCQ$dAAA$dOCLCQ$dOCLCO$dOCLCA$dOCLCF$dOCLCQ$dCSF$dCOD$dOKS$dOCLCQ$dAGL
=043  \\$an-us---
=049  \\$aAGLL
=070  \\$a1.9$bEx892Esc no.352
=072  \0$aC210
=086  0\$aA 43.4:351
=086  0\$aA 43.4:352
=100  1\$aMurphy, Lillian A.
=245  14$aThe use of radio in 4-H club work /$cby Lillian A. Murphy.
=260  \\$a[Washington, D.C.?] :$bU.S. Dept. of Agriculture, Extension Service,$c1941.
=300  \\$a12] pages :$billustrations ;$c27 cm
=336  \\$atext$btxt$2rdacontent
=337  \\$aunmediated$bn$2rdamedia
=338  \\$avolume$bnc$2rdacarrier
=490  0\$aExtension Service Circular ;$v352
=591  \\$bNAL Reclamation
=593  \\$fAgricola CAT
=650  \0$a4-H clubs$zUnited States$xStates.
=650  \0$aAdvertising, Public service.$0http://id.loc.gov/authorities/subjects/sh85001190
=650  \0$aRadio advertising.$0http://id.loc.gov/authorities/subjects/sh85110431
=651  \7$aUnited States.$2fast$0(OCoLC)fst01204155
=655  \3$aInternet resource.
=710  1\$aUnited States.$bExtension Service.$0http://id.loc.gov/authorities/names/n80120734
=856  41$uhttps://archive.org/details/useofradioin4hcl35murp
=912  \\$analcatalog
=930  \\$a20140305$b00000000$c00000000
=945  \\$dSW$e83/11/08$fSW$g83/11/25$n1
=945  \\$p18
=945  \\$aDigiMet
=946  \\$aUSDA
=994  \\$a92$bAGL

