=LDR  02034cam a2200601 a 4500
=001  9915478405907426
=005  20240620193344.0
=008  010725s1973\\\\dcuab\\\\b\\\f000\0\eng\c
=016  7\$aCAT11104735$2DNAL
=019  \\$a26349058
=035  \\$a874196
=035  \\$a(OCoLC)10745663$z(OCoLC)26349058
=035  \\$a(DNAL)874196-naldb-Voyager
=035  \\$z(OCoLC)26349058
=040  \\$aGEC$beng$cGEC$dUIU$dIWP$dAGL$dCUY$dOCLCQ$dWAU$dOCLCQ$dOCLCA$dOCLCF$dOCLCO$dOCLCQ$dORE$dUAF$dSFR$dGPO$dOCLCQ
=042  \\$apcc
=043  \\$an-us---
=049  \\$aAGLL
=050  \0$aSD397.I53$bM35 1973
=070  0\$aaSD435$b.M33 1973
=072  \0$aK100
=072  \0$aK510
=074  \\$a0080-A
=086  0\$aA 13.31:G 32/2/973
=086  0\$aA 13.31:C 32/2/973
=100  1\$aMcDonald, Philip Mark.
=245  10$aIncense-cedar.
=260  \\$aWashington, D.C. :$bU.S. Dept. of Agriculture Forest Service :$bFor sale by the Supt. of Docs., U.S. G.P.O.,$c[1973]
=300  \\$a7 pages :$billustrations, map ;$c26 cm
=336  \\$atext$btxt$2rdacontent
=337  \\$aunmediated$bn$2rdamedia
=338  \\$avolume$bnc$2rdacarrier
=490  1\$aAn American wood
=530  \\$aAlso available on the World Wide Web.
=504  \\$aIncludes bibliographical references (page 7).
=591  \\$bNAL Reclamation
=593  \\$fAgricola CAT
=650  \0$aIncense cedar$zUnited States.
=650  \0$aWood$zUnited States.
=651  \7$aUnited States.$2fast$0(OCoLC)fst01204155
=655  \3$aInternet resource.
=700  1\$aBetts, Harold S.$q(Harold Scofield).$tIncense-cedar (Libocedrus decurrens)
=710  1\$aUnited States.$bForest Service.$0http://id.loc.gov/authorities/names/n79054932
=830  \0$aAmerican wood
=856  41$uhttps://archive.org/details/incensecedaramer226mcdo
=912  \\$analcatalog
=930  \\$a20140702$b20140807$c00000000
=939  \\$a20010801$b20010808$c00000000
=945  \\$dARS$e2001/07/24$fAR$g2001/07/25
=945  \\$p12
=945  \\$aDigiMet
=946  \\$aUSDA
=994  \\$a92$bAGL

