=LDR  02149cas a2200685 a 4500
=001  9915479242507426
=005  20240624184754.0
=008  001031d19261926dcuuu\\\\\\\\f|\\\\0eng\\
=010  \\$a  2011220859
=016  7\$aCAT11086785$2DNAL
=035  \\$a857824
=035  \\$a(OCoLC)85822186
=035  \\$a(DNAL)857824-naldb-Voyager
=040  \\$aAGL$beng$cAGL$dAGL$dOCLCA$dOCLCQ$dOCLCA$dOCLCQ$dOCLCA$dOCLCF$dOCLCO$dOCLCA
=042  \\$apcc
=043  \\$an-us---
=049  \\$aAGLL
=070  0\$a1.9$bIn3Hh
=072  \0$aU000
=072  \0$aU600
=245  00$aHousekeepers' half hour.
=260  \\$a[Washington, D.C.] :$bU.S. Dept. of Agriculture, Office of Information, Radio Service
=336  \\$atext$btxt$2rdacontent
=337  \\$aunmediated$bn$2rdamedia
=362  1\$aBegan with Feb. 16, 1926; ceased later in 1926.
=530  \\$aAlso available on microfilm (NAL call no. Film 2069)
=588  \\$aDescription based on first issue; title from caption.
=588  \\$aLatest issue consulted: May 13, 14, 15, 1926.
=591  \\$bNAL Reclamation
=593  \\$fAgricola CAT
=650  \0$aHousekeeping$zUnited States$vPeriodicals.
=650  \0$aCooking$zUnited States$vPeriodicals.
=651  \7$aUnited States.$2fast$0(OCoLC)fst01204155
=655  \3$aInternet resource.
=655  \7$aPeriodicals.$2fast$0(OCoLC)fst01411641
=710  1\$aUnited States.$bDepartment of Agriculture.$bRadio Service.
=785  00$tHousekeepers' chat$w(DLC)  2011220858$w(OCoLC)85822276
=850  \\$aDNAL
=856  41$uhttps://archive.org/details/usda-housekeeperschat
=912  \\$analcatalog
=930  \\$a20140115$b20140207$c00000000
=939  \\$a20100623$b20100703$c00000000
=939  \\$a20070309$b20070402$c00000000
=945  \\$ddgoldberg$e2007/03/09
=945  \\$vpt. 1
=945  \\$p72
=945  \\$aDigiMet
=945  \\$vpt. 2
=945  \\$p148
=945  \\$aDigiMet
=945  \\$vpt. 3
=945  \\$p128
=945  \\$aDigiMet
=945  \\$vpt. 4
=945  \\$p66
=945  \\$aDigiMet
=946  \\$aUSDA
=959  \\$c2014-01-15$essouder$gurl
=959  \\$c2013-04-02$essouder$gap
=994  \\$a92$bAGL

