=LDR  02383cas a2200589 a 4500
=001  9915479258807426
=005  20240624184801.0
=008  001031u19uuuuuudcuar\\\\\\\\f0\\\\0eng\c
=010  \\$asf 92094824 $zsn 86035294 
=012  \\$i8610
=016  7\$aCAT11086445$2DNAL
=019  \\$a1197840472$a1236048608$a1265558077
=035  \\$a857484
=035  \\$a(OCoLC)14409666$z(OCoLC)1197840472$z(OCoLC)1236048608$z(OCoLC)1265558077
=035  \\$a(DNAL)857484-naldb-Voyager
=035  \\$z(OCoLC)1197840472$z(OCoLC)1236048608$z(OCoLC)1265558077
=040  \\$aNYG$beng$cNYG$dDLC$dOCLCQ$dUAB$dIUL$dFUG$dOCLCQ$dOCLCO$dOCLCF$dOCLCQ
=042  \\$apcc
=043  \\$an-us---
=049  \\$aRQIC
=050  00$aWMLC 91/4565
=070  0\$a1.956$bF45Ag8
=086  0\$aA 90.2:M 32/
=245  00$aAgricultural conservation program, maps.
=246  30$aMaps
=260  \\$aWashington, D.C. :$bU.S. Agricultural Conservation Programs Branch
=300  \\$avolumes :$bmaps ;$c28 cm
=310  \\$aAnnual
=336  \\$atext$btxt$2rdacontent
=337  \\$aunmediated$bn$2rdamedia
=338  \\$avolume$bnc$2rdacarrier
=550  \\$aIssued <1946-1947> by the Agricultural Conservation Programs Branch; <1955-57> by the Agricultural Conservation Program Service; <1964- by the Agricultural Stabilization and Conservation Service.
=588  \\$aDescription based on: 1946; title from cover.
=591  \\$bNAL Reclamation
=593  \\$fAgricola CAT
=650  \0$aSoil conservation$zUnited States$vMaps.
=651  \7$aUnited States.$2fast$0(OCoLC)fst01204155
=655  \7$aMaps.$2fast$0(OCoLC)fst01423704
=710  1\$aUnited States.$bAgricultural Stabilization and Conservation Service.$0http://id.loc.gov/authorities/names/n80126140
=710  1\$aUnited States.$bAgricultural Conservation Programs Branch.$0http://id.loc.gov/authorities/names/n85209291
=710  1\$aUnited States.$bAgricultural Conservation Program Service.$0http://id.loc.gov/authorities/names/n85209287
=776  08$iOnline version:$tAgricultural conservation program, maps$w(OCoLC)762114674
=850  \\$aDLC$aN
=856  41$uhttps://archive.org/details/usda-agriculturalconservationprogram
=912  \\$analcatalog
=930  \\$a00000000$b00000000$c00000000
=945  \\$aDigiMet
=945  \\$vpt. 1
=945  \\$p60
=946  \\$aUSDA
=959  \\$c2014-10-03$essouder$gurl
=994  \\$a92$bAGL

