=LDR  01584cas a22004937a 4500
=001  9915479525607426
=005  20240624184825.0
=008  001031d18931893dcu\x\\\\\\\\f0\\\a0eng\d
=010  \\$asn 85018182 
=016  7\$aCAT11086538$2DNAL
=035  \\$a857577
=035  \\$a(OCoLC)11921383
=035  \\$a(DNAL)857577-naldb-Voyager
=040  \\$aNYG$beng$cNYG$dAGL$dOCLCQ$dOCLCF$dOCLCO$dOCLCQ
=042  \\$amsc
=043  \\$an-us---
=049  \\$aAGLL
=070  0\$a1$bIr7B
=130  0\$aBulletin (United States. Office of Irrigation Inquiry)
=245  10$aBulletin /$cU.S. Department of Agriculture, Office of Irrigation Inquiry.
=260  \\$aWashington :$bG.P.O.,$c1893-
=300  \\$avolumes ;$c22 cm
=336  \\$atext$btxt$2rdacontent
=337  \\$aunmediated$bn$2rdamedia
=338  \\$avolume$bnc$2rdacarrier
=362  0\$aNo. 1-
=362  1\$aCeased.
=591  \\$bNAL Reclamation
=593  \\$fAgricola CAT
=650  \0$aIrrigation laws$zUnited States.
=650  \0$aWater$xLaw and legislation$zUnited States.
=651  \7$aUnited States.$2fast$0(OCoLC)fst01204155
=655  \3$aInternet resource.
=710  1\$aUnited States.$bOffice of Irrigation Inquiry.$0http://id.loc.gov/authorities/names/nr2002030578
=856  41$uhttp://archive.org/details/abstractoflawsof01crit
=912  \\$analcatalog
=930  \\$a20130906$b20131018$c00000000
=939  \\$a20121213$b20130104$c00000000
=945  \\$aDigiMet
=945  \\$p196
=946  \\$aUSDA
=959  \\$c2013-09-06$essouder$gurl
=959  \\$c2012-12-13$ergallett$gupgrade
=994  \\$a92$bAGL

