=LDR  01460cas a2200457M  4500
=001  9915479529307426
=005  20240621211753.0
=008  001031d19uu19uuiduuu\\\\\\\\f0\\\\0eng\d
=016  7\$aCAT11086789$2DNAL
=035  \\$a857828
=035  \\$a(OCoLC)1289041583
=035  \\$a(DNAL)857828-naldb-Voyager
=040  \\$aAGL$beng$cAGL
=049  \\$aRQIC
=070  0\$a1.956$bF45Id13
=110  1\$aUnited States.$bAgricultural Stabilization and Conservation Committee.$bIdaho.
=245  10$aIdaho ... annual statistical report.
=260  \\$aBoise, Idaho.
=362  1\$aCeased.
=580  \\$aContinues its Annual report for Idaho.
=580  \\$aContinued by: U.S. Agricultural Stabilization and Conservation Committee. Idaho. Idaho annual report.
=591  \\$bNAL Reclamation
=593  \\$fAgricola CAT
=651  \3$aIdaho.
=655  \3$aInternet resource.
=780  00$aUnited States. Agricultural Stabilization and Conservation Committee. Idaho.$tAnnual report for Idaho
=785  00$aUnited States. Agricultural Stabilization and Conservation Committee. Idaho.$tIdaho annual report
=856  41$uhttps://archive.org/details/usda-idahoannualreport
=912  \\$analcatalog
=930  \\$a20140902$b00000000$c00000000
=945  \\$aDigiMet
=945  \\$vpt. 1
=945  \\$p120
=945  \\$aDigiMet
=945  \\$vpt. 2
=945  \\$p94
=945  \\$aDigiMet
=945  \\$vpt. 3
=945  \\$p180
=946  \\$aUSDA
=994  \\$a92$bAGL

