=LDR  01207cam a2200409I  4500
=001  9915480145207426
=005  20240624185827.0
=008  920621s1921\\\\dcu\\\\\\\\\\\000\0\eng\d
=016  7\$aCAT10519217$2DNAL
=035  \\$a419190
=035  \\$a(OCoLC)18929046
=035  \\$a(DNAL)419190-naldb-Voyager
=040  \\$aRQI$beng$cRQI$dOCL$dOCLCQ$dAGL$dOCLCQ$dOCLCF$dOCLCQ$dOCLCO
=049  \\$aAGLL
=070  0\$a47$bN21
=072  \0$aL100
=072  \0$aC100
=110  2\$aNational Poultry Institute (U.S.)
=245  10$aPoultry farming course.$bLessons.
=260  \\$a[Washington, D.C.]$bNational Poultry Institute,$c©1921.
=300  \\$a26 volumes
=336  \\$atext$btxt$2rdacontent
=337  \\$aunmediated$bn$2rdamedia
=338  \\$avolume$bnc$2rdacarrier
=591  \\$bNAL Reclamation
=593  \\$fAgricola CAT
=650  \0$aPoultry$xStudy and teaching.
=655  \3$aInternet resource.
=856  41$uhttps://archive.org/details/poultryfarmingco00nati
=912  \\$analcatalog
=930  \\$a20140702$b20140807$c00000000
=939  \\$a20140505$b20140606$c00000000
=945  \\$aDigiMet
=945  \\$p410
=946  \\$aOther US
=958  \\$be$c2014-05-05$dn$earojas
=994  \\$a92$bAGL

