=LDR  01950cam a2200517 a 4500
=001  9915480946507426
=005  20240624185904.0
=008  990730s1998\\\\dcuab\\\\b\\\f000\0\eng\\
=016  7\$aCAT10874943$2DNAL
=035  \\$a833978
=035  \\$a(OCoLC)41898546
=035  \\$a(DNAL)833978-naldb-Voyager
=040  \\$aAGL$beng$cAGL$dOCLCQ$dOCLCF$dOCLCO$dOCLCA$dAGL
=042  \\$apcc
=049  \\$aAGLL
=050  \0$aS604$b.E26 1998
=070  0\$aaS604$b.E26 1998
=072  \0$aJ700
=245  00$aEconomics and environmental benefits and costs of conservation tillage /$cEconomic Research Service. U.S. Department of Agriculture in collaboration with the Natural Conservation Service, U.S. Department of Agriculture.
=260  \\$aWashington, DC :$bERS, USDA,$c[1998]
=300  \\$avi, 88 leaves :$bcolor illustrations, color maps ;$c28 cm
=336  \\$atext$btxt$2rdacontent
=337  \\$aunmediated$bn$2rdamedia
=338  \\$avolume$bnc$2rdacarrier
=504  \\$aIncludes bibliographical references.
=530  \\$aAlso available on the Internet.
=591  \\$bNAL Reclamation
=593  \\$fAgricola CAT
=650  \0$aConservation tillage$xEnvironmental aspects.
=650  \0$aConservation tillage$xEconomic aspects.
=655  \3$aInternet resource.
=710  1\$aUnited States.$bDepartment of Agriculture.$bEconomic Research Service.
=710  1\$aUnited States.$bNatural Resources Conservation Service.$0http://id.loc.gov/authorities/names/no95017392
=856  41$uhttp://archive.org/details/economicsenviron00unit
=912  \\$analcatalog
=930  \\$a20210802$b00000000$c00000000
=939  \\$a20130913$b20131018$c00000000
=939  \\$a19990901$b19990909$c00000000
=945  \\$dcwt$e99/07/18$fsp$g99/07/30
=945  \\$p196
=945  \\$aDigiMet
=946  \\$aOther US
=959  \\$c2013-09-13$essouder$gurl
=959  \\$c2013-04-02$essouder$gap
=959  \\$c2021-08-02$earojas$gupgrade
=994  \\$a92$bAGL

