=LDR  01922cam a2200529Ia 4500
=001  9915481077707426
=005  20240620203715.0
=008  990727s1977\\\\ilu\\\\\\b\\\f000\0\eng\d
=016  7\$aCAT10874636$2DNAL
=035  \\$a833781
=035  \\$a(OCoLC)05431969
=035  \\$a(DNAL)833781-naldb-Voyager
=040  \\$aGPO$beng$cGPO$dAGL$dOCLCQ$dSYB$dOCLCQ$dOCLCF$dOCLCQ$dOCLCO$dOCLCQ$dOKS
=043  \\$an-us---
=049  \\$aAGLL
=070  0\$aaS21.A75$bU44 no. 60
=072  \0$aE700
=074  \\$a25-B (microfiche)
=086  0\$aA 77.15:NC-60
=110  1\$aUnited States.$bAgricultural Research Service.$bNorth Central Region.$0http://id.loc.gov/authorities/names/n81022913
=245  10$aSummary progress report :$b1977 U.S. Grain Marketing Research Center.
=260  \\$aPeoria, Ill. :$bDept. of Agriculture, Agricultural Research Service, North Central Region,$c1977.
=300  \\$a20 pages ;$c24 cm.
=336  \\$atext$btxt$2rdacontent
=337  \\$aunmediated$bn$2rdamedia
=338  \\$avolume$bnc$2rdacarrier
=490  1\$aARS-NC ;$v60
=504  \\$aIncludes bibliographical references (pages 9-20).
=591  \\$bNAL Reclamation
=593  \\$fAgricola CAT
=610  20$aU.S. Grain Marketing Research Center.$0http://id.loc.gov/authorities/names/n79111749
=610  27$aU.S. Grain Marketing Research Center.$2fast$0(OCoLC)fst00537274
=650  \3$amarketing.
=650  \3$adistribution (economics)
=650  \3$aagricultural economics.
=650  \3$aagribusiness.
=655  \3$aInternet resource.
=830  \0$aARS (Series) (United States. Agricultural Research Service) ;$vNC-60.
=856  41$uhttps://archive.org/details/summaryprogressr60unit
=912  \\$analcatalog
=930  \\$a20140812$b20140905$c00000000
=939  \\$a19990802$b19990812$c00000000
=945  \\$dJR$e99/07/27$fJR$g99/07/27$n1
=945  \\$p32
=945  \\$aDigiMet
=946  \\$aUSDA
=994  \\$a92$bAGL

