=LDR  01864cam a2200505Ia 4500
=001  9915481099007426
=005  20240620203726.0
=008  990715s1998\\\\dcu\\\\\\bs\\f000\0\eng\\
=016  7\$aCAT10873944$2DNAL
=035  \\$a833173
=035  \\$a(OCoLC)41868356
=035  \\$a(DNAL)833173-naldb-Voyager
=040  \\$aAGL$beng$cAGL$dOCLCQ$dIUL$dOCLCQ$dOCLCF$dOCLCO$dOCLCA$dAGL
=043  \\$an-us---
=049  \\$aAGLL
=070  0\$a1$bAg84M no. 1528-1997
=072  \0$aU300
=072  \0$aE500
=086  0\$aA 1.38:1528-1997
=245  00$aExpenditures on children by families :$b1997 annual report.
=260  \\$aWashington, DC :$bU.S. Dept. of Agriculture, Center for Nutrition Policy and Promotion,$c[1998]
=300  \\$aiii, 23 pages ;$c28 cm.
=336  \\$atext$btxt$2rdacontent
=337  \\$aunmediated$bn$2rdamedia
=338  \\$avolume$bnc$2rdacarrier
=490  1\$aMiscellaneous publication ;$vno. 1528-1997
=504  \\$aIncludes bibliographical references (page 12).
=591  \\$bNAL Reclamation
=593  \\$fAgricola CAT
=650  \0$aChild rearing$xEconomic aspects$zUnited States$vStatistics.
=650  \0$aChildren$zUnited States$xEconomic conditions$vStatistics.
=651  \7$aUnited States.$2fast$0(OCoLC)fst01204155
=655  \3$aInternet resource.
=655  \7$aStatistics.$2fast$0(OCoLC)fst01423727
=710  2\$aCenter for Nutrition Policy and Promotion (U.S.)$0http://id.loc.gov/authorities/names/no95057451
=830  \0$aMiscellaneous publication (United States. Department of Agriculture) ;$vno. 1528-1997.
=856  41$uhttps://archive.org/details/expendituresonch1528cent_0
=912  \\$analcatalog
=930  \\$a20140305$b20140404$c00000000
=939  \\$a19990802$b19990812$c00000000
=945  \\$dRLG$e99/07/13$fSES$g99/07/15
=945  \\$p40
=945  \\$aDigiMet
=946  \\$aUSDA
=994  \\$a92$bAGL

