=LDR  02176cam a2200589Ia 4500
=001  9915481882007426
=005  20240624190027.0
=007  he\amb024bbca
=008  981029s1996\\\\orua\\\\bb\\\f000\0\eng\d
=016  7\$aCAT10857019$2DNAL
=019  \\$a1225763058
=035  \\$a812298
=035  \\$a(OCoLC)37861187$z(OCoLC)1225763058
=035  \\$a(DNAL)812298-naldb-Voyager
=035  \\$z(OCoLC)1225763058
=040  \\$aOSU$beng$cOSU$dGPO$dOCLCQ$dOCLCO$dOCLCQ$dVPI$dOCLCF$dUOK$dOCLCA$dOCLCQ$dAGL
=043  \\$an-us-or
=049  \\$aAGLL
=050  \0$aSD11$b.P34522
=070  0\$aA99.9$bF7625Uni no. 497
=072  \\$aL000
=072  \\$aK130
=074  \\$a0083-B (MF)
=086  0\$aA 13.78:PNW-RP-497
=100  1\$aBull, Evelyn L.
=245  10$aTailed frogs :$bdistribution, ecology, and association with timber harvest in northeastern Oregon /$cEvelyn L. Bull and Bernie E. Carter.
=260  \\$aPortland, Or. :$bU.S. Dept. of Agriculture, Forest Service, Pacific Northwest Research Station,$c[1996]
=300  \\$a11 pages :$billustrations ;$c28 cm
=336  \\$atext$btxt$2rdacontent
=337  \\$amicroform$bh$2rdamedia
=338  \\$amicrofiche$bhe$2rdacarrier
=490  1\$aResearch paper PNW ;$vRP-497
=504  \\$aIncludes bibliographical references (page 9).
=530  \\$aLibrary also holds microfiche. (NAL call no. : Fiche$bS-133 (A 13.78:PNW-RP-497 )
=533  \\$aMicrofiche.$b[Washington, D.C.] :$cSupt. of Docs., U.S. G.P.O.,$d1997.$e1 microfiche : negative.
=591  \\$bNAL Reclamation
=593  \\$fAgricola CAT
=650  \0$aTailed frog$zOregon.
=650  \0$aTailed frog$xDistribution$xEffect of logging on.
=651  \7$aOregon.$2fast$0(OCoLC)fst01204579
=700  1\$aCarter, Bernie E.
=710  2\$aPacific Northwest Research Station (Portland, Or.)$0http://id.loc.gov/authorities/names/n85303399
=830  \0$aResearch paper PNW ;$v497.
=856  41$uhttps://archive.org/details/CAT10857019
=912  \\$analcatalog
=930  \\$a20040718$b20040804$c00000000
=945  \\$dssalt$e2004/7/18
=945  \\$p24
=945  \\$aDigiMet
=946  \\$aUSDA
=959  \\$c2014-10-03$essouder$gurl
=994  \\$a92$bAGL

