=LDR  01933cam a22005291  4500
=001  9915482138207426
=005  20240624190032.0
=008  800401s1968\\\\dcua\\\\\b\\\f000\0\eng\c
=010  \\$aagr68000178 
=016  7\$aCAT10242892$2DNAL
=019  \\$a1114820120$a1162706877
=035  \\$a200210
=035  \\$a(OCoLC)00473055$z(OCoLC)1114820120$z(OCoLC)1162706877
=035  \\$a(DNAL)200210-naldb-Voyager
=035  \\$z(OCoLC)1114820120$z(OCoLC)1162706877
=040  \\$aU.S. Nat'l Agr. Libr.$beng$cDLC$dOCLCQ$dIUL$dBTCTA$dXFF$dOCLCO$dNUI$dOCLCF$dOCLCQ$dOCLCO$dNOC$dFUG$dAGL
=043  \\$ae-uk---
=049  \\$aAGLL
=050  00$aS21$b.F6 no. 130
=070  \\$a1.943$bF763 no. 130
=072  \0$a1000
=086  0\$aA 67.16:130
=100  1\$aSchertz, Lyle P.$0http://id.loc.gov/authorities/names/n81027803
=245  10$aCereal policies in the United Kingdom, 1870-1967 /$c[Lyle P. Schertz.
=260  \\$aWashington, D.C. :$bForeign Agricultural Service, Dept. of Agriculture,$c1968.
=300  \\$aii, 79 pages :$billustrations ;$c24 cm.
=336  \\$atext$btxt$2rdacontent
=337  \\$aunmediated$bn$2rdamedia
=338  \\$avolume$bnc$2rdacarrier
=490  1\$aForeign agriculture report,$vt no. 130
=504  \\$aIncludes bibliographical references.
=591  \\$bNAL Reclamation
=593  \\$fAgricola CAT
=650  \0$aGrain trade$zGreat Britain.
=651  \7$aGreat Britain.$2fast$0(OCoLC)fst01204623
=655  \3$aInternet resource.
=710  1\$aUnited States.$bForeign Agricultural Service.$0http://id.loc.gov/authorities/names/n80126196
=830  \0$aForeign agriculture report ;$vno. 130.
=856  41$uhttps://archive.org/details/cerealpoliciesin130sche
=912  \\$analcatalog
=930  \\$a20140506$b20140606$c00000000
=938  \\$aBaker and Taylor$bBTCP$nagr68000178
=945  \\$aDigiMet
=945  \\$p90
=946  \\$aUSDA
=959  \\$c2014-05-06$earojas$gap
=994  \\$a92$bAGL

