=LDR  01946cam a2200493Ia 4500
=001  9915482144507426
=005  20240624190031.0
=008  800401s1965\\\\dcua\\\\\\\\\f000\0\eng\d
=016  7\$aCAT10230799$2DNAL
=035  \\$a200832
=035  \\$a(OCoLC)35240812
=035  \\$a(DNAL)200832-naldb-Voyager
=040  \\$aCOF$beng$cCOF$dOCLCQ$dOCLCG$dNUI$dOCLCQ$dOCLCF$dOCLCQ$dCOF$dOCLCQ$dAGL
=049  \\$aAGLL
=070  0\$aA56.9$bR31 no. 111
=072  \0$a8500
=086  0\$aA 77.15:41-111
=086  0\$aA 77.15:ARS-41-111
=100  1\$aMcCool, D. K.$q(Don K.),$eauthor.$0http://id.loc.gov/authorities/names/no2006031870
=245  10$aTests of a glass fiber channel liner /$c[Donald K. McCool and W.O. Ree].
=260  \\$a[Washington, D.C.] :$b[Agricultural Research Service, United States, Dept. of Agriculture],$c[1965]
=300  \\$a14 pages :$billustrations ;$c27 cm
=336  \\$atext$btxt$2rdacontent
=337  \\$aunmediated$bn$2rdamedia
=338  \\$avolume$bnc$2rdacarrier
=490  1\$aARS ;$v41-111
=530  \\$aAlso available on the Internet.
=591  \\$bNAL Reclamation
=593  \\$fAgricola CAT
=650  \0$aIrrigation canals and flumes$xLinings.$0http://id.loc.gov/authorities/subjects/sh85068292
=650  \0$aGlass fibers.$0http://id.loc.gov/authorities/subjects/sh85055144
=655  \3$aInternet resource.
=700  1\$aRee, William Oscar,$d1913-$0http://id.loc.gov/authorities/names/n80152945
=710  1\$aUnited States.$bAgricultural Research Service,$eissuing body.$0http://id.loc.gov/authorities/names/n79108942
=830  \0$aARS (Series) (United States. Agricultural Research Service) ;$v41-111.
=856  41$uhttps://archive.org/details/testsofglassfibe11mcco
=912  \\$analcatalog
=930  \\$a20201020$b00000000$c00000000
=945  \\$aDigiMet
=945  \\$p20
=946  \\$aUSDA
=959  \\$c2013-10-22$essouder$gurl
=959  \\$c2020-10-20$ecbarone$gother
=994  \\$a92$bAGL

