=LDR  02090cam a2200553Ia 4500
=001  9915482149307426
=005  20240624190033.0
=008  800401s1967\\\\oruab\\\\b\\\f000\0\eng\d
=016  7\$aCAT10243056$2DNAL
=019  \\$a1039849489$a1231861507
=035  \\$a200526
=035  \\$a(OCoLC)33369626$z(OCoLC)1039849489$z(OCoLC)1231861507
=035  \\$a(DNAL)200526-naldb-Voyager
=035  \\$z(OCoLC)1039849489$z(OCoLC)1231861507
=040  \\$aUAF$beng$cUAF$dOCLCQ$dRLA$dMTG$dOCLCQ$dOCLCF$dOCLCQ$dOCLCO$dAGM$dWURST$dOCL$dAGL
=043  \\$an-us-ak
=049  \\$aAGLL
=050  \0$aSD11$b.A456132 no. 64
=070  \\$aA99.9$bF7625U no. 64
=072  \0$a8000
=086  0\$aA 13.79:PNW-64
=100  1\$aSwanston, Douglas N.$0http://id.loc.gov/authorities/names/n77018442
=245  10$aDebris avalanching in thin soils derived from bedrock /$cby Douglas N. Swanston.
=260  \\$aPortland, Or. :$bPacific Northwest Forest and Range Experiment Station, U.S. Dept. of Agriculture,$c[1967]
=300  \\$a7 pages :$billustrations, map ;$c27 cm.
=336  \\$atext$btxt$2rdacontent
=337  \\$aunmediated$bn$2rdamedia
=338  \\$avolume$bnc$2rdacarrier
=490  1\$aU.S. Forest Service research note PNW ;$v64
=504  \\$aIncludes bibliographical references.
=591  \\$bNAL Reclamation
=593  \\$fAgricola CAT
=650  \0$aSlopes (Soil mechanics)$zAlaska, Southeast.
=650  \0$aDebris avalanches$zAlaska, Southeast.
=650  \0$aForest soils$zAlaska, Southeast.
=650  \3$amass movement.
=650  \3$asoil.
=651  \7$aSoutheast Alaska.$2fast$0(OCoLC)fst01692689
=655  \3$aInternet resource.
=710  2\$aPacific Northwest Forest and Range Experiment Station (Portland, Or.)$0http://id.loc.gov/authorities/names/n80126131
=830  \0$aU.S. Forest Service research note PNW ;$v64.
=856  41$uhttps://archive.org/details/debrisavalanchin64swan
=912  \\$analcatalog
=930  \\$a20140506$b00000000$c00000000
=945  \\$aDigiMet
=945  \\$p12
=946  \\$aUSDA
=959  \\$c2014-05-06$earojas$gap
=994  \\$a92$bAGL

