=LDR  02280cam a2200553 a 4500
=001  9915482162507426
=005  20240624190037.0
=008  800401s1967\\\\orua\\\\\b\\\f000\0\eng\d
=016  7\$aCAT10242873$2DNAL
=019  \\$a1039835679$a1231767610
=035  \\$a200173
=035  \\$a(OCoLC)58996079$z(OCoLC)1039835679$z(OCoLC)1231767610
=035  \\$a(DNAL)200173-naldb-Voyager
=035  \\$z(OCoLC)1039835679$z(OCoLC)1231767610
=040  \\$aORE$beng$cORE$dOCL$dOCLCA$dMTG$dOCLCF$dOCLCO$dOCLCQ$dAGM$dWURST$dOCLCQ$dAGL
=049  \\$aAGLL
=050  \0$aSD143$b.U51 no.63
=070  \\$aA99.9$bF7625U no. 63
=072  \0$a5000
=086  0\$aA 13.79:PNW-63
=100  1\$aSassaman, Robert W.$0http://id.loc.gov/authorities/names/n82098124
=245  12$aA computer program for calculating allowable cut using area regulation and a comparison with the ARVOL method /$cby Robert W. Sassaman and Daniel E. Chappelle.
=260  \\$aPortland, Or. :$bPacific Northwest Forest and Range Experiment Station, U.S. Dept. of Agriculture,$c[1967]
=300  \\$a7 pages :$billustrations ;$c28 cm
=336  \\$atext$btxt$2rdacontent
=337  \\$aunmediated$bn$2rdamedia
=338  \\$avolume$bnc$2rdacarrier
=490  1\$aU.S. Forest Service research note PNW ;$v63
=504  \\$aIncludes bibliographical references.
=591  \\$bNAL Reclamation
=593  \\$fAgricola CAT
=650  \0$aForests and forestry$xComputer programs.$0http://id.loc.gov/authorities/subjects/sh85050710
=650  \0$aForests and forestry$xMeasurement.$0http://id.loc.gov/authorities/subjects/sh85050716
=650  \0$aLogging$xComputer programs.
=650  \3$aComputer software.
=650  \3$aLogging.
=650  \3$aMethodology.
=655  \3$aInternet resource.
=700  1\$aChappelle, Daniel E.$0http://id.loc.gov/authorities/names/n86017639
=710  2\$aPacific Northwest Forest and Range Experiment Station (Portland, Or.)$0http://id.loc.gov/authorities/names/n80126131
=830  \0$aU.S. Forest Service research note PNW ;$v63.
=856  41$uhttps://archive.org/details/computerprogramf63sass
=912  \\$analcatalog
=930  \\$a20140507$b00000000$c00000000
=945  \\$aDigiMet
=945  \\$p12
=946  \\$aUSDA
=959  \\$c2014-05-06$earojas$gap
=994  \\$a92$bAGL

