=LDR  01810cam a2200469Ia 4500
=001  9915482167307426
=005  20240624190042.0
=008  800401s1966\\\\dcu\\\\\\b\\\f000\0\eng\\
=016  7\$aCAT10230637$2DNAL
=035  \\$a200519
=035  \\$a(OCoLC)70666719
=035  \\$a(DNAL)200519-naldb-Voyager
=040  \\$aIWA$beng$cIWA$dOCLCG$dOCLCF$dOCLCO$dOCLCQ$dOCLCA$dSWW$dVA@$dOCLCQ$dAGL
=049  \\$aAGLL
=050  \0$aHD1491.A3$bK55x 1966
=070  \\$aA280.29$bF22I no. 53
=072  \0$a0500
=086  0\$aA 89.15:53
=100  1\$aKnapp, Joseph G.$q(Joseph Grant),$d1900-1983.
=245  10$aCan cooperatives meet the challenge? /$c[by Joseph G. Knapp]
=260  \\$a[Washington, D.C.?] :$bFarmer Cooperative Service, U.S. Dept. of Agriculture,$c1966
=300  \\$a34, [1] pages ;$c24 cm
=336  \\$atext$btxt$2rdacontent
=337  \\$aunmediated$bn$2rdamedia
=338  \\$avolume$bnc$2rdacarrier
=490  1\$aFCS information ;$v53
=504  \\$aIncludes bibliographical references (page 35).
=591  \\$bNAL Reclamation
=593  \\$fAgricola CAT
=650  \0$aCooperative societies.$0http://id.loc.gov/authorities/subjects/sh85032217
=655  \3$aInternet resource.
=710  1\$aUnited States.$bFarmer Cooperative Service.$0http://id.loc.gov/authorities/names/n79086753
=776  08$iOnline version:$aKnapp, Joseph G. (Joseph Grant), 1900-1983.$tCan cooperatives meet the challenge?$d[Washington, D.C.?] : Farmer Cooperative Service, U.S. Dept. of Agriculture, 1966$w(OCoLC)1035621944
=830  \0$aFCS information ;$v53.
=856  41$uhttps://archive.org/details/cancooperativesm53knap
=912  \\$analcatalog
=930  \\$a20140306$b20140404$c00000000
=945  \\$aDigiMet
=945  \\$p42
=946  \\$aUSDA
=959  \\$c2014-03-06$earojas$gap
=994  \\$a92$bAGL

