=LDR  01529cam a2200457I  4500
=001  9915482305607426
=005  20240624190029.0
=008  800401\\\\\\\\\dcu\\\\\\\\\\\000\\\eng\d
=016  7\$aCAT10230860$2DNAL
=035  \\$90230-86060
=035  \\$a200952
=035  \\$a(OCoLC)936548763
=035  \\$a(DNAL)200952-naldb-Voyager
=040  \\$aAGL$dAGL
=049  \\$aAGLL
=070  0\$aA56.9$bR31 no. 107
=072  \0$a8500
=100  1\$aMutchler, Calvin K.,$eauthor.
=245  10$aWaterdrop formation from capillary tubes /$cCalvin K. Mutchler.
=260  \\$a[Washington, D.C.] :$bAgricultural Research Service, U.S. Department of Agriculture,$c1965.
=300  \\$a12 pages :$billustrations.
=336  \\$atext$btxt$2rdacontent
=337  \\$aunmediated$bn$2rdamedia
=338  \\$avolume$bnc$2rdacarrier
=490  1\$aARS ;$v41-107
=500  \\$aIssued July 1965.
=504  \\$aIncludes bibliographical references (page 8).
=530  \\$aAlso available on the Internet.
=593  \\$fAgricola CAT
=650  \0$aRaindrops$xSimulation methods.
=655  \3$aInternet resource
=710  1\$aUnited States.$bAgricultural Research Service,$eissuing body.
=830  \0$aARS (Series) (United States. Agricultural Research Service) ;$v41-107.
=856  41$uhttps://archive.org/details/waterdropformati10mutc
=912  \\$analcatalog
=930  \\$a20201020$b00000000$c00000000
=945  \\$aDigiMet
=945  \\$p20
=946  \\$aUSDA
=959  \\$c2013-10-22$essouder$gurl
=959  \\$c2020-10-20$ecbarone$gother

