=LDR  01352cam a2200397M  4500
=001  9915482315907426
=005  20240624190027.0
=008  800401s1967\\\\dcu\\\\\\\\\\\000\0\eng\d
=016  7\$aCAT10243124$2DNAL
=035  \\$a200659
=035  \\$a(OCoLC)1289064204
=035  \\$a(DNAL)200659-naldb-Voyager
=040  \\$aAGL$beng$cAGL
=049  \\$aAGLL
=070  \\$aA381$bR31Ab no. 42
=072  \0$a4000
=111  2\$aWestern Experiment Station Collaborators Conference$d(1967 :$cAlbany, Calif.)
=245  10$aProtein - rich products for aid and trade; summaries of reports.
=260  \\$a[Washington]$bAgricultural Research Service, U.S. Dept. of Agriculture$c[1967]
=300  \\$a19 p.$c27 cm.
=490  1\$a[U.S. Agricultural Research Service] ARS 74-42
=591  \\$bNAL Reclamation
=593  \\$fAgricola CAT
=650  \0$aProteins in human nutrition$vCongresses.
=655  \3$aInternet resource.
=710  1\$aUnited States.$bAgricultural Research Service.$bWestern Utilization Research and Development Division.
=830  \0$aARS 74 ;$v42.
=856  41$uhttps://archive.org/details/proteinrichprodu7442west
=912  \\$analcatalog
=930  \\$a20140116$b20140207$c00000000
=945  \\$aDigiMet
=945  \\$p24
=946  \\$aUSDA
=959  \\$c2014-01-15$essouder$gurl
=959  \\$c2014-01-16$earojas$gap
=994  \\$a92$bAGL

