=LDR  01965cam a2200517Ia 4500
=001  9915482331807426
=005  20240624190036.0
=008  800401s1967\\\\paua\\\\\b\\\f000\0\eng\d
=016  7\$aCAT10242915$2DNAL
=035  \\$a200254
=035  \\$a(OCoLC)311565141
=035  \\$a(DNAL)200254-naldb-Voyager
=040  \\$aMTG$beng$cMTG$dMTG$dOCLCA$dPHA$dOCLCA$dOCLCF$dOCL$dOCLCQ$dSEA$dCSF$dAGM$dOCLCA$dOCLCQ$dAGL
=049  \\$aAGLL
=070  \\$aA99.9$bF7622U no. 65
=072  \0$a4500
=086  0\$aA 13.78:NE-65
=086  0\$aA 13.79:NE-65
=100  1\$aSchroeder, James G.$0http://id.loc.gov/authorities/names/n81032036
=245  10$aLumber grade-yields for factory-grade northern red oak sawlogs /$c[James G. Schroeder and Leland F. Hanks].
=260  \\$aUpper Darby, Pa. :$bNortheastern Forest Experiment Station, U.S. Dept. of Agriculture, Forest Service,$c1967.
=300  \\$a7 pages :$billustrations ;$c25 cm
=336  \\$atext$btxt$2rdacontent
=337  \\$aunmediated$bn$2rdamedia
=338  \\$avolume$bnc$2rdacarrier
=490  1\$aU.S. Forest Service research note NE ;$v65
=504  \\$aIncludes bibliographical references.
=530  \\$aAlso available online.
=591  \\$bNAL Reclamation
=593  \\$fAgricola CAT
=650  \0$aQuercus rubra.$0http://id.loc.gov/authorities/subjects/sh85112074
=650  \0$aLumbering.$0http://id.loc.gov/authorities/subjects/sh85078820
=650  \3$aQuercus rubra.
=655  \3$aInternet resource.
=700  1\$aHanks, Leland F.$0http://id.loc.gov/authorities/names/n81141384
=710  2\$aNortheastern Forest Experiment Station (Radnor, Pa.)
=830  \0$aForest Service research note NE ;$v65.
=856  41$uhttps://archive.org/details/lumbergradeyield65schr
=912  \\$analcatalog
=930  \\$a20140116$b00000000$c00000000
=945  \\$aDigiMet
=945  \\$p12
=946  \\$aUSDA
=959  \\$c2014-01-15$essouder$gurl
=959  \\$c2014-01-16$earojas$gap
=994  \\$a92$bAGL

