=LDR  02310cam a2200565Ia 4500
=001  9915482564707426
=005  20240620211230.0
=008  010105s2000\\\\pauab\\\\bs\\f000\0\eng\\
=016  7\$aCAT11091871$2DNAL
=035  \\$a862295
=035  \\$a(OCoLC)45293356
=035  \\$a(DNAL)862295-naldb-Voyager
=040  \\$aAGL$beng$cAGL$dOCLCQ$dOCLCF$dOCLCQ$dOCLCO$dLHU$dOCLCA$dAGL
=043  \\$an-us-vt
=049  \\$aAGLL
=050  \0$aSD11$b.U652 no.145, 2000
=070  0\$aA99.9$bF7622Uf no. 145
=072  \0$aK250
=086  0\$aA 13.80:NE 145
=100  1\$aFrieswyk, Thomas S.
=245  10$aForest statistics for Vermont :$b1983 and 1997 /$cThomas Frieswyk, Richard Widmann.
=260  \\$aNewton Square, PA :$bU.S. Dept. of Agriculture, Forest Service, Northeastern Research Station,$c[2000]
=300  \\$a130 pages :$billustrations, maps ;$c28 cm.
=336  \\$atext$btxt$2rdacontent
=337  \\$aunmediated$bn$2rdamedia
=338  \\$avolume$bnc$2rdacarrier
=490  1\$aResource bulletin NE ;$v145
=504  \\$aIncludes bibliographical references (page 12).
=530  \\$aLibrary also holds microfiche, Washington, DC : Supt. of Docs., U.S. G.P.O., 2003 . 3 microfiches ; negative (NAL call no.: S-133 (A 13.80:NE-145)
=591  \\$bNAL Reclamation
=593  \\$fAgricola CAT
=650  \0$aForests and forestry$zVermont$vStatistics.
=650  \0$aTimber$zVermont$vStatistics.
=651  \7$aVermont.$2fast$0(OCoLC)fst01204305
=655  \3$aInternet resource.
=655  \7$aStatistics.$2fast$0(OCoLC)fst01423727
=700  1\$aWidmann, Richard H.
=710  1\$aUnited States.$bForest Service.$bNortheastern Research Station.$0http://id.loc.gov/authorities/names/no98081992
=776  08$iOnline version:$aFrieswyk, Thomas S.$tForest statistics for Vermont.$dNewton Square, PA : U.S. Dept. of Agriculture, Forest Service, Northeastern Research Station, [2000]$w(OCoLC)623562610
=830  \0$aResource bulletin NE ;$v145.
=856  41$uhttps://archive.org/details/foreststatistics145frie
=912  \\$analcatalog
=930  \\$a20140207$b20140307$c00000000
=939  \\$a20041101$b20041201$c00000000
=939  \\$a20010204$b20010209$c00000000
=945  \\$dDF$e2001/01/03$fVS$g2001/01/04$n1
=945  \\$p144
=945  \\$aDigiMet
=946  \\$aUSDA
=994  \\$a92$bAGL

