=LDR  03047cam a22007694a 4500
=001  9915482679707426
=005  20240620211257.0
=008  010104s2000\\\\pauab\\\\bs\\f001\0\eng\\
=010  \\$a  2003426841
=016  7\$aCAT11091837$2DNAL
=019  \\$a45631758
=035  \\$a862282
=035  \\$a(OCoLC)52347572$z(OCoLC)45631758
=035  \\$a(DNAL)862282-naldb-Voyager
=035  \\$z(OCoLC)45631758
=040  \\$aDLC$beng$cDLC$dOCLCQ$dAGL$dBTCTA$dOCLCF$dOCLCQ$dOCLCO$dAGM$dOCLCA
=042  \\$apcc
=043  \\$an-us-ma
=049  \\$aAGLL
=050  00$aSD144.M4$bA58 2000
=070  0\$aA99.9$bF7622Uf no. 148
=072  \0$aK250
=072  \0$aX100
=086  0\$aA 13.80:NE-48
=100  1\$aAlerich, Carol L.
=245  10$aForest statistics for Massachusetts, 1985 and 1998 /$cCarol L. Alerich.
=260  \\$aNewtown Square, Pa. (11 Campus Blvd., Suite 200, Newtown Square, 19073-3294) :$bU.S. Dept. of Agriculture, Forest Service, Northeastern Research Station,$c[2000]
=300  \\$a104 pages :$billustrations, map ;$c27 cm.
=336  \\$atext$btxt$2rdacontent
=337  \\$aunmediated$bn$2rdamedia
=338  \\$avolume$bnc$2rdacarrier
=490  1\$aResource bulletin NE ;$v148
=504  \\$aIncludes bibliographical references (page 13).
=530  \\$aLibrary also holds microfiche, Washington, DC : Supt. of Docs., U.S. G.P.O., 2003 . 2 microfiches ; negative (NAL call no.: S-133 (A 13.80:NE-148)
=591  \\$bNAL Reclamation
=593  \\$fAgricola CAT
=650  \0$aForests and forestry$zMassachusetts$vStatistics.
=650  \0$aTimber$zMassachusetts$vStatistics.
=650  \0$aForest surveys$zMassachusetts.
=650  \3$aPulpwood.
=650  \3$aRoundwood.
=650  \3$aLogging.
=650  \3$aForest resources.
=650  \3$aForest inventory.
=650  \3$aForest statistics.
=650  \3$aForest ownership.
=650  \3$abiomass production.
=650  \3$aArea.
=651  \3$aMassachusetts.
=651  \7$aMassachusetts.$2fast$0(OCoLC)fst01204307
=655  \3$aInternet resource.
=655  \7$aStatistics.$2fast$0(OCoLC)fst01423727
=700  1\$aDickson, David R.$tForest statistics for Massachusetts, 1972 and 1985.
=710  1\$aUnited States.$bForest Service.$bNortheastern Research Station.$0http://id.loc.gov/authorities/names/no98081992
=776  08$iOnline version:$aAlerich, Carol L.$tForest statistics for Massachusetts, 1985 and 1998.$dNewtown Square, Pa. (11 Campus Blvd., Suite 200, Newtown Square, 19073-3294) : U.S. Dept. of Agriculture, Forest Service, Northeastern Research Station, [2000]$w(OCoLC)624414962
=830  \0$aResource bulletin NE ;$v148.
=856  41$uhttps://archive.org/details/foreststatistics148aler
=912  \\$analcatalog
=930  \\$a20140207$b20140307$c00000000
=938  \\$aBaker and Taylor$bBTCP$n2003426841
=939  \\$a20041101$b20041201$c00000000
=939  \\$a20010204$b20010209$c00000000
=945  \\$dML$e2000/12/28$fVS$g2001/01/04$n1
=945  \\$p116
=945  \\$aDigiMet
=946  \\$aUSDA
=994  \\$a92$bAGL

