=LDR  01606cam a2200493 a 4500
=001  9915483337907426
=005  20240620213000.0
=008  980310s1976\\\\mtua\\\\\b\\\f000\0\eng\\
=016  7\$aCAT10843506$2DNAL
=035  \\$a809904
=035  \\$a(OCoLC)38575250
=035  \\$a(DNAL)809904-naldb-Voyager
=040  \\$aAGL$beng$cAGL$dOCLCQ$dOCLCO$dOCLCF$dOCLCQ$dOCLCO$dAGM$dSFB$dOCLCQ$dAGL
=043  \\$an-us---
=049  \\$aAGLL
=050  10$aHD111$b.L25
=070  0\$aaHD166.L36$b1976
=072  \0$aE110
=245  00$aLand system inventory guide.
=246  14$aLand system inventory
=260  \\$aMissoula, Mont. :$bU.S. Forest Service, Northern Region,$c[1976]
=300  \\$avii, 69 pages :$billustrations ;$c28 cm
=336  \\$atext$btxt$2rdacontent
=337  \\$aunmediated$bn$2rdamedia
=338  \\$avolume$bnc$2rdacarrier
=504  \\$aIncludes bibliographical references (page 69).
=591  \\$bNAL Reclamation
=593  \\$fAgricola CAT
=650  \0$aLand use$zUnited States.
=650  \3$asoil classification.
=650  \3$alandforms.
=650  \3$aforest inventory.
=651  \7$aUnited States.$2fast$0(OCoLC)fst01204155
=655  \3$aInternet resource.
=710  1\$aUnited States.$bForest Service.$bNorthern Region.$0http://id.loc.gov/authorities/names/n80102719
=856  41$uhttps://archive.org/details/landsysteminvent00unit
=912  \\$analcatalog
=930  \\$a20140812$b20140905$c00000000
=939  \\$a19980401$b19980408$c00000000
=945  \\$dRLG$e98/03/10$fSES$g98/03/10
=945  \\$p128
=945  \\$aDigiMet
=946  \\$aUSDA
=994  \\$a92$bAGL

