=LDR  02117cam a2200553Ia 4500
=001  9915483399807426
=005  20240620213008.0
=007  he\bmb024bbca
=008  990210s1997\\\\utuab\\\bb\\\f000\0\eng\d
=016  7\$aCAT10861504$2DNAL
=019  \\$a1098332805
=035  \\$a809130
=035  \\$a(OCoLC)38513103$z(OCoLC)1098332805
=035  \\$a(DNAL)809130-naldb-Voyager
=035  \\$z(OCoLC)1098332805
=040  \\$aGPO$beng$cGPO$dOCLCQ$dOCLCF$dOCLCQ$dOCLCO$dOCLCQ$dUOK$dTKN$dAGL
=043  \\$an-us---
=049  \\$aAGLL
=050  \0$aSD11.E23$bP3 no.INT-RP-496
=070  0\$aFiche$bS-133 (A 13.78:INT-RP-496 )
=072  \0$aP300
=074  \\$a0083-B (MF)
=086  0\$aA 13.78:INT-RP-496
=245  00$aHigh-use destinations in wilderness :$bsocial and biophysical impacts, visitor responses, and management options /$cDavid N. Cole [and others].
=260  \\$aOgden, UT (324 25th St., Ogden 84401) :$bU.S. Dept. of Agriculture, Forest Service, Intermountain Research Station,$c[1997]
=300  \\$a30 pages :$billustrations, maps ;$c28 cm.
=336  \\$atext$btxt$2rdacontent
=337  \\$amicroform$bh$2rdamedia
=338  \\$amicrofiche$bhe$2rdacarrier
=490  1\$aResearch paper INT ;$vRP-496
=504  \\$aIncludes bibliographical references (pages 29-30).
=533  \\$aMicrofiche.$b[Washington, D.C.] :$cSupt. of Docs., U.S. G.P.O.,$d1997.$e1 microfiche : negative.
=591  \\$bNAL Reclamation
=593  \\$fAgricola CAT
=650  \0$aWilderness areas$xRecreational use$zUnited States.
=650  \0$aWilderness area users$zUnited States$xAttitudes.
=651  \7$aUnited States.$2fast$0(OCoLC)fst01204155
=655  \3$aInternet resource.
=700  1\$aCole, David N.
=710  2\$aRocky Mountain Research Station--Ogden.$0http://id.loc.gov/authorities/names/no98066620
=830  \0$aResearch paper INT ;$v496.
=856  41$uhttps://archive.org/details/highusedestinati496cole
=912  \\$analcatalog
=930  \\$a20140305$b20140404$c00000000
=939  \\$a19990301$b19990308$c00000000
=945  \\$aDigiMet
=945  \\$p40
=946  \\$aUSDA
=994  \\$a92$bAGL

