=LDR  01751cam a2200505Ia 4500
=001  9915483406107426
=005  20240620213018.0
=008  980305s1944\\\\dcua\\\\\\\\\f000\0\eng\d
=016  7\$aCAT10843192$2DNAL
=019  \\$a78567321
=035  \\$a809609
=035  \\$a(OCoLC)26697835$z(OCoLC)78567321
=035  \\$a(DNAL)809609-naldb-Voyager
=035  \\$z(OCoLC)78567321
=040  \\$aZCU$beng$cZCU$dAGL$dOCLCQ$dCOO$dCGU$dNUI$dOCLCQ$dOSU$dOCLCF$dOCLCQ
=043  \\$an-us---
=049  \\$aAGLL
=050  10$aS560$b.U5
=070  0\$aaSB249.L36$b1944
=072  \0$aF120
=086  0\$aA 36.118:45
=100  1\$aLangsford, E. L.$q(Ethelbert Lee),$d1901-
=245  10$aChanges in cotton production in war and peace :$banalysis by production areas /$cby E.L. Langsford.
=260  \\$aWashington, D.C. :$bU.S. Dept. of Agriculture, Bureau of Agricultural Economics,$c[1944]
=300  \\$a33 pages :$billustrations ;$c27 cm.
=336  \\$atext$btxt$2rdacontent
=337  \\$aunmediated$bn$2rdamedia
=338  \\$avolume$bnc$2rdacarrier
=490  1\$aF.M. ;$v45
=591  \\$bNAL Reclamation
=593  \\$fAgricola CAT
=650  \0$aCotton$zUnited States.
=651  \7$aUnited States.$2fast$0(OCoLC)fst01204155
=655  \3$aInternet resource.
=710  1\$aUnited States.$bBureau of Agricultural Economics.$0http://id.loc.gov/authorities/names/n80060900
=830  \0$aFM (United States. Bureau of Agricultural Economics) ;$v45.
=856  41$uhttps://archive.org/details/changesincottonp45lang
=912  \\$analcatalog
=930  \\$a20140812$b20140905$c00000000
=939  \\$a19980401$b19980408$c00000000
=945  \\$dRLG$e98/03/04$fJR$g98/03/05
=945  \\$p40
=945  \\$aDigiMet
=946  \\$aUSDA
=994  \\$a92$bAGL

