=LDR  02844cam a2200745Ia 4500
=001  9915483509907426
=005  20240624191143.0
=008  980227s1988\\\\mnua\\\\\bs\\f000\0\eng\d
=010  \\$a   89602378 
=016  7\$aCAT10842852$2DNAL
=019  \\$a21166037
=035  \\$a809282
=035  \\$a(OCoLC)20486767$z(OCoLC)21166037
=035  \\$a(DNAL)809282-naldb-Voyager
=035  \\$z(OCoLC)21166037
=040  \\$aMNR$beng$cMNR$dDLC$dGPO$dAGL$dOCL$dOCLCQ$dAGL$dBTCTA$dMTG$dOCLCO$dOCLCQ$dOCLCF$dOCLCQ$dAGM$dOCLCA$dWURST
=043  \\$an-us-in
=049  \\$aAGLL
=050  10$aSD144.I6$bS57
=070  0\$aaSD11.A35$bno.108
=072  \0$aK200
=072  \0$aK250
=074  \\$a0083-B-05 (MF)
=086  0\$aA 13.80:NC-108
=100  1\$aSmith, W. Brad.
=245  10$aIndiana forest statistics, 1986 /$cW. Brad Smith and Mark F. Golitz.
=260  \\$aSt. Paul, Minn. (1992 Folwell Ave., St. Paul 55108) :$bU.S. Dept. of Agriculture, Forest Service, North Central Forest Experiment Station,$c1988.
=300  \\$a139 pages :$billustrations ;$c28 cm.
=336  \\$atext$btxt$2rdacontent
=337  \\$aunmediated$bn$2rdamedia
=338  \\$avolume$bnc$2rdacarrier
=490  1\$aResource bulletin NC ;$v108
=504  \\$aIncludes bibliographical references.
=530  \\$aAlso available on the Internet.
=591  \\$bNAL Reclamation
=593  \\$fAgricola CAT
=650  \0$aTimber$zIndiana$vStatistics.
=650  \0$aForests and forestry$zIndiana$vStatistics.
=650  \0$aForest surveys$zIndiana.
=650  \3$aforest inventory.
=650  \3$aforest types.
=651  \3$aIndiana.
=651  \7$aIndiana.$2fast$0(OCoLC)fst01204604
=655  \7$aStatistics.$2fast$0(OCoLC)fst01423727
=700  1\$aGolitz, Mark F.
=710  2\$aNorth Central Forest Experiment Station (Saint Paul, Minn.)$0http://id.loc.gov/authorities/names/n80044737
=776  08$iOnline version:$aSmith, W. Brad.$tIndiana forest statistics, 1986.$dSt. Paul, Minn. (1992 Folwell Ave., St. Paul 55108) : U.S. Dept. of Agriculture, Forest Service, North Central Forest Experiment Station, 1988$w(OCoLC)624378861
=830  \0$aResource bulletin NC ;$v108.
=856  41$uhttp://www.nrs.fs.fed.us/pubs/rb/rb%5Fnc108.pdf
=856  41$uhttps://archive.org/details/indianaforeststa108smit
=912  \\$analcatalog
=930  \\$a20210623$b00000000$c00000000
=938  \\$aBaker and Taylor$bBTCP$n89602378
=939  \\$a20140702$b20140807$c00000000
=939  \\$a20130604$b20130705$c00000000
=939  \\$a20070322$b20070402$c00000000
=939  \\$a20040802$b20040901$c00000000
=939  \\$a19980301$b19980309$c00000000
=945  \\$dAR$e98/02/26$fAR$g98/02/26$n1
=945  \\$p152
=945  \\$aDigiMet
=946  \\$aUSDA
=959  \\$c2013-06-04$essouder$gurlc
=959  \\$c2021-06-23$earojas$gupgrade
=994  \\$a92$bAGL

