=LDR  02030cam a2200493I  4500
=001  9915483513307426
=005  20240620213038.0
=008  980302s1965\\\\dcu\\\\\\\\\\f000\0\eng\c
=010  \\$aagr65000262 
=016  7\$aCAT10842918$2DNAL
=035  \\$a809374
=035  \\$a(OCoLC)13210146
=035  \\$a(DNAL)809374-naldb-Voyager
=040  \\$aU.S. Nat'l Agr. Libr.$beng$cDRB$dDRB$dAGL$dOCLCQ$dIUL$dOCLCG$dNUI$dOCLCQ$dOCLCO$dOKS$dOCLCF$dNOC
=049  \\$aAGLL
=050  \0$aS21$b.F6 no.126
=070  0\$a1.943$bF763 no.126
=072  \0$aE700
=086  0\$aA 67.16:126
=100  1\$aSchertz, Lyle P.
=245  10$aBarriers to international grain trade in selected foreign countries /$c[by Lyle P. Schertz and Koy L. Neeley.
=260  \\$aWashington, D.C.] :$bU.S. Dept. of Agriculture, Foreign Agricultural Service,$c1965.
=300  \\$aii, 30 pages ;$c24 cm.
=336  \\$atext$btxt$2rdacontent
=337  \\$aunmediated$bn$2rdamedia
=338  \\$avolume$bnc$2rdacarrier
=490  1\$aUnited States. Foreign Agricultural Service. Foreign agriculture report,$vno. 126
=591  \\$bNAL Reclamation
=593  \\$fAgricola CAT
=650  \0$aTariff on grain.
=650  \0$aGrain trade.$0http://id.loc.gov/authorities/subjects/sh85056246
=655  \3$aInternet resource.
=700  1\$aNeeley, Koy L.,$d1918-$eauthor.$0http://id.loc.gov/authorities/names/no00021012
=710  1\$aUnited States.$bForeign Agricultural Service.$0http://id.loc.gov/authorities/names/n80126196
=776  08$iOnline version:$aSchertz, Lyle P.$tBarriers to international grain trade in selected foreign countries.$dWashington, D.C.] : U.S. Dept. of Agriculture, Foreign Agricultural Service, 1965$w(OCoLC)1144913108
=830  \0$aForeign agriculture report ;$vno. 126.
=856  41$uhttps://archive.org/details/barrierstointern126sche
=912  \\$analcatalog
=930  \\$a20140505$b20140606$c00000000
=939  \\$a19980401$b19980408$c00000000
=945  \\$aDigiMet
=945  \\$p38
=946  \\$aOther US
=994  \\$a92$bAGL

