=LDR  01901cam a2200529Ia 4500
=001  9915485241507426
=005  20240620172446.0
=008  030924s1962\\\\ncua\\\\\b\\\f000\0\eng\\
=016  7\$aCAT11138578$2DNAL
=035  \\$a905331
=035  \\$a(OCoLC)52959500
=035  \\$a(DNAL)905331-naldb-Voyager
=040  \\$aAGL$beng$cAGL$dKLG$dMTG$dOCLCF$dOCLCQ$dOCLCA$dAGM$dAGL
=049  \\$aAGLL
=050  \0$aSD144.A15$bS73 no. 140
=070  0\$a1.9622$bS4St2 no. 140
=072  \0$aK510
=072  \0$aK530
=086  0\$aA 13.63/9:140
=100  1\$aChappelle, Daniel E.$0http://id.loc.gov/authorities/names/n86017639
=245  10$aValue growth of pine pulpwood on the George Walton Experimental Forest /$cby Daniel E. Chappelle.
=260  \\$aAsheville, N.C. :$bU.S. Dept. of Agriculture, Forest Service, Southeastern Forest Experiment Station,$c[1962]
=300  \\$a14 pages :$billustrations ;$c27 cm.
=336  \\$atext$btxt$2rdacontent
=337  \\$aunmediated$bn$2rdamedia
=338  \\$avolume$bnc$2rdacarrier
=490  1\$aStation paper ;$vno. 140
=504  \\$aIncludes bibliographical references.
=591  \\$bNAL Reclamation
=593  \\$fAgricola CAT
=650  \0$aPulpwood crops.$0http://id.loc.gov/authorities/subjects/sh96005604
=650  \0$aPine.$0http://id.loc.gov/authorities/subjects/sh85102199
=650  \3$aPinus.
=650  \3$apulpwood.
=650  \3$aforestry.
=651  \3$aGeorgia.
=655  \3$aInternet resource.
=710  2\$aSoutheastern Forest Experiment Station (Asheville, N.C.)
=830  \0$aStation paper (Southeastern Forest Experiment Station (Asheville, N.C.)) ;$vno. 140.
=856  41$uhttps://archive.org/details/valuegrowthofpin140chap
=912  \\$analcatalog
=930  \\$a20140702$b20140807$c00000000
=945  \\$dML$e2003/09/03$fRY$g2003/09/24$n1
=945  \\$p22
=945  \\$aDigiMet
=946  \\$aUSDA
=994  \\$a92$bAGL

