=LDR  01573cam a2200457Ia 4500
=001  9915485242307426
=005  20240620172448.0
=008  030917s1957\\\\ncuab\\\\b\\\f000\0\eng\d
=016  7\$aCAT11138447$2DNAL
=035  \\$a905201
=035  \\$a(OCoLC)50530972
=035  \\$a(DNAL)905201-naldb-Voyager
=040  \\$aVXG$beng$cVXG$dAGL$dKLG$dMTG$dOCLCA$dOCLCF$dOCLCQ$dOCL
=049  \\$aAGLL
=050  \0$aSD144.A15$bS73 no. 88
=070  0\$a1.9622$bS4St2 no. 88
=072  \0$aF100
=072  \0$aF700
=086  0\$aA 13.63/9:88
=100  1\$aLotti, Thomas.
=245  10$aSilvical characteristics of cherrybark oak /$cby Thomas Lotti.
=260  \\$aAsheville, N.C. :$bU.S. Dept. of Agriculture, Forest Service, Southeastern Forest Experiment Station,$c[1957]
=300  \\$a9 pages :$billustrations, map ;$c27 cm.
=336  \\$atext$btxt$2rdacontent
=337  \\$aunmediated$bn$2rdamedia
=338  \\$avolume$bnc$2rdacarrier
=490  1\$aStation paper ;$vno. 88
=504  \\$aIncludes bibliographical references (page 9).
=591  \\$bNAL Reclamation
=593  \\$fAgricola CAT
=650  \0$aQuercus rubra.$0http://id.loc.gov/authorities/subjects/sh85112074
=655  \3$aInternet resource.
=830  \0$aStation paper (Southeastern Forest Experiment Station (Asheville, N.C.)) ;$vno. 88.
=856  41$uhttps://archive.org/details/silvicalcharacte88lott
=912  \\$analcatalog
=930  \\$a20140702$b20140807$c00000000
=945  \\$dML$e2003/09/12$fRY$g2003/09/17$n1
=945  \\$p16
=945  \\$aDigiMet
=946  \\$aUSDA
=994  \\$a92$bAGL

