=LDR  02059cam a2200541 a 4500
=001  9915485249307426
=005  20240620172427.0
=008  030917s1956\\\\ncua\\\\\b\\\f000\0\eng\\
=016  7\$aCAT11138457$2DNAL
=035  \\$a905211
=035  \\$a(OCoLC)52995431
=035  \\$a(DNAL)905211-naldb-Voyager
=040  \\$aAGL$beng$cAGL$dOCLCQ$dCOF$dMTG$dKLG$dOCLCQ$dOCLCA$dNOC$dOCLCF$dOCLCA$dOCLCQ$dAGL
=043  \\$an-usu--
=049  \\$aAGLL
=050  \0$aSD144.A15$bS73 no. 72
=070  0\$a1.9622$bS4St2 no. 72
=072  \0$aF100
=072  \0$aF600
=072  \0$aK001
=086  0\$aA 13.63/9:72
=100  1\$aDorman, Keith W.$q(Keith William),$d1910-$0http://id.loc.gov/authorities/names/no2003062505
=245  10$aTime of flowering and seed ripening in southern pines /$cby Keith W. Dorman and John C. Barber.
=260  \\$aAsheville, N.C. :$bU.S. Dept. of Agriculture, Forest Service, Southeastern Forest Experiment Station,$c[1956]
=300  \\$a15 pages :$billustrations ;$c27 cm
=336  \\$atext$btxt$2rdacontent
=337  \\$aunmediated$bn$2rdamedia
=338  \\$avolume$bnc$2rdacarrier
=490  1\$aStation paper ;$vno. 72
=504  \\$aIncludes bibliographical references (pages 12-13).
=591  \\$bNAL Reclamation
=593  \\$fAgricola CAT
=650  \0$aSouthern pines$zSouthern States$xFlowering.
=650  \0$aSouthern pines$xSeeds$zSouthern States.
=651  \7$aSouthern States.$2fast$0(OCoLC)fst01244550
=655  \3$aInternet resource.
=700  1\$aBarber, John C.$0http://id.loc.gov/authorities/names/no90008327
=710  1\$aUnited States.$bDepartment of Agriculture.
=710  2\$aSoutheastern Forest Experiment Station (Asheville, N.C.)
=830  \0$aStation paper (Southeastern Forest Experiment Station (Asheville, N.C.)) ;$vno. 72.
=856  41$uhttps://archive.org/details/timeofflowerings72dorm
=912  \\$analcatalog
=930  \\$a20140702$b20140807$c00000000
=945  \\$dML$e2003/09/09$fRY$g2003/09/17$n1
=945  \\$p22
=945  \\$aDigiMet
=946  \\$aUSDA
=994  \\$a92$bAGL

