=LDR  02138cam a2200577Ia 4500
=001  9915485256107426
=005  20240620172433.0
=008  030924s1962\\\\ncuab\\\\b\\\f000\0\eng\\
=016  7\$aCAT11138576$2DNAL
=035  \\$a905329
=035  \\$a(OCoLC)52955557
=035  \\$a(DNAL)905329-naldb-Voyager
=040  \\$aAGL$beng$cAGL$dOCLCQ$dMTG$dKLG$dOCLCF$dOCLCQ$dOCLCA$dAGM$dAGL
=043  \\$an-us---
=049  \\$aAGLL
=050  \0$aSD144.A15$bS73 no. 144
=070  0\$a1.9622$bS4St2 no. 144
=072  \0$aK810
=086  0\$aA 13.63/9:144
=100  1\$aWendel, G. W.$0http://id.loc.gov/authorities/names/n82228428
=245  10$aForest fuels on organic and associated soils in the Coastal Plain of North Carolina /$cby G.W. Wendel, T.G. Storey, and G.M. Byram.
=260  \\$aAsheville, N.C. :$bU.S. Dept. of Agriculture-Forest Service, Southeastern Forest experiment Station,$c[1962]
=300  \\$a46 pages :$billustrations, map ;$c27 cm.
=336  \\$atext$btxt$2rdacontent
=337  \\$aunmediated$bn$2rdamedia
=338  \\$avolume$bnc$2rdacarrier
=490  1\$aStation paper ;$vno. 144
=504  \\$aIncludes bibliographical references (pages 45-46).
=591  \\$bNAL Reclamation
=593  \\$fAgricola CAT
=650  \0$aForest fires$zUnited States.
=650  \0$aForest canopies$zUnited States.
=650  \0$aHistosols$zUnited States.
=650  \3$aprescribed burning.
=650  \3$afire behavior.
=650  \3$aorganic soils.
=651  \3$aNorth Carolina.
=651  \7$aUnited States.$2fast$0(OCoLC)fst01204155
=655  \3$aInternet resource.
=700  1\$aStorey, Theodore G.$0http://id.loc.gov/authorities/names/n82052985
=700  1\$aByram, George M.
=710  2\$aSoutheastern Forest Experiment Station (Asheville, N.C.)
=830  \0$aStation paper (Southeastern Forest Experiment Station (Asheville, N.C.)) ;$vno. 144.
=856  41$uhttps://archive.org/details/forestfuelsonorg144wend
=912  \\$analcatalog
=930  \\$a20140702$b20140807$c00000000
=945  \\$dML$e2003/09/02$fRY$g2003/09/24$n1
=945  \\$p56
=945  \\$aDigiMet
=946  \\$aUSDA
=994  \\$a92$bAGL

