=LDR  01882cam a2200529Ia 4500
=001  9915485257507426
=005  20240620172425.0
=008  030917s1956\\\\ncuab\\\\\\\\f000\0\eng\d
=016  7\$aCAT11138453$2DNAL
=035  \\$a905207
=035  \\$a(OCoLC)52983975
=035  \\$a(DNAL)905207-naldb-Voyager
=040  \\$aAGL$beng$cAGL$dOCLCQ$dCOF$dKLG$dOCLCF$dOCLCQ$dCOD$dOCLCA$dAGM$dOCLCA$dAGL
=043  \\$an-us-ga
=049  \\$aAGLL
=050  \0$aSD144.A15$bS73 no. 66
=070  0\$a1.9622$bS4St2 no. 66
=072  \0$aF600
=072  \0$aK001
=086  0\$aA 13.63/9:66
=100  1\$aBennett, Frank A.$0http://id.loc.gov/authorities/names/n80163571
=245  10$aGrowth of slash pine plantations on the George Walton Experimental Forest /$cby Frank A. Bennett.
=260  \\$aAsheville, N.C. :$bU.S. Dept. of Agriculture, Forest Service, Southeastern Forest Experiment Station,$c[1956]
=300  \\$a20 pages :$billustrations, color map ;$c27 cm.
=336  \\$atext$btxt$2rdacontent
=337  \\$aunmediated$bn$2rdamedia
=338  \\$avolume$bnc$2rdacarrier
=490  1\$aStation paper ;$vno. 66
=591  \\$bNAL Reclamation
=593  \\$fAgricola CAT
=650  \0$aSlash pine$zGeorgia$xGrowth.
=650  \3$aPinus elliottii.
=650  \3$agrowth factors.
=651  \3$aGeorgia.
=651  \7$aGeorgia.$2fast$0(OCoLC)fst01204622
=655  \3$aInternet resource.
=710  1\$aUnited States.$bDepartment of Agriculture.
=710  2\$aSoutheastern Forest Experiment Station (Asheville, N.C.)
=830  \0$aStation paper (Southeastern Forest Experiment Station (Asheville, N.C.)) ;$vno. 66.
=856  41$uhttps://archive.org/details/growthofslashpin66benn
=912  \\$analcatalog
=930  \\$a20140702$b20140807$c00000000
=945  \\$dML$e2003/09/08$fRY$g2003/09/17$n1
=945  \\$p28
=945  \\$aDigiMet
=946  \\$aUSDA
=994  \\$a92$bAGL

