=LDR  01893cam a2200529 a 4500
=001  9915485261707426
=005  20240620172434.0
=008  030917s1957\\\\ncub\\\\\\\\\f000\0\eng\\
=016  7\$aCAT11138460$2DNAL
=035  \\$a905214
=035  \\$a(OCoLC)52996428
=035  \\$a(DNAL)905214-naldb-Voyager
=040  \\$aAGL$beng$cAGL$dOCLCQ$dCOF$dKLG$dOCLCF$dOCLCQ$dOCLCA$dAGM$dOCLCA$dOCLCQ$dAGL
=043  \\$an-usu--
=049  \\$aAGLL
=050  \0$aSD144.A15$bS73 no. 76
=070  0\$a1.9622$bS4St2 no. 76
=072  \0$aF821
=072  \0$aK001
=086  0\$aA 13.63/9:76
=100  1\$aMcCambridge, William F.,$d1923-2007.
=245  10$aForest insect conditions in the Southeast during 1956 /$cby W.F. McCambridge and R.J. Kowal.
=260  \\$aAsheville, N.C. :$bU.S. Dept. of Agriculture, Forest Service, Southeastern Forest Experiment Station,$c[1957]
=300  \\$a7 pages :$bmap ;$c27 cm
=336  \\$atext$btxt$2rdacontent
=337  \\$aunmediated$bn$2rdamedia
=338  \\$avolume$bnc$2rdacarrier
=490  1\$aStation paper ;$vno. 76
=591  \\$bNAL Reclamation
=593  \\$fAgricola CAT
=650  \0$aForest insects$zSouthern States.
=650  \3$aforest pests.
=650  \3$ainsect pests.
=651  \3$aSoutheastern United States.
=651  \7$aSouthern States.$2fast$0(OCoLC)fst01244550
=655  \3$aInternet resource.
=700  1\$aKowal, R. J.$q(R. Joseph),$d1911-$0http://id.loc.gov/authorities/names/no99036694
=710  2\$aSoutheastern Forest Experiment Station (Asheville, N.C.)
=830  \0$aStation paper (Southeastern Forest Experiment Station (Asheville, N.C.)) ;$vno. 76.
=856  41$uhttps://archive.org/details/forestinsectcond76mcca
=912  \\$analcatalog
=930  \\$a20140702$b20140807$c00000000
=945  \\$dML$e2003/09/10$fRY$g2003/09/17$n1
=945  \\$p14
=945  \\$aDigiMet
=946  \\$aUSDA
=994  \\$a92$bAGL

