=LDR  01796cam a2200481Ia 4500
=001  9915485271107426
=005  20240620172434.0
=008  030924s1962\\\\ncua\\\\\b\\\f000\0\eng\d
=016  7\$aCAT11138565$2DNAL
=035  \\$a905318
=035  \\$a(OCoLC)52850977
=035  \\$a(DNAL)905318-naldb-Voyager
=040  \\$aAGL$beng$cAGL$dKLG$dMTG$dOCLCF$dOCLCQ$dOCLCA$dAGM$dAGL
=049  \\$aAGLL
=050  \0$aSD144.A15$bS73 no. 154
=070  0\$a1.9622$bS4St2 no. 154
=072  \0$aJ200
=086  0\$aA 13.63/9:154
=100  1\$aDouglass, James E.$0http://id.loc.gov/authorities/names/n84134943
=245  12$aA method for determining the slope of neutron moisture meter calibration curves /$cby James E. Douglass.
=260  \\$aAsheville, N.C. :$bU.S. Dept. of Agriculture, Forest Service, Southeastern Forest Experiment Station,$c[1962]
=300  \\$a6 pages :$billustrations ;$c27 cm.
=336  \\$atext$btxt$2rdacontent
=337  \\$aunmediated$bn$2rdamedia
=338  \\$avolume$bnc$2rdacarrier
=490  1\$aStation paper ;$vno. 154
=504  \\$aIncludes bibliographical references (page 6).
=591  \\$bNAL Reclamation
=593  \\$fAgricola CAT
=650  \0$aSoil moisture$xMeasurement.$0http://id.loc.gov/authorities/subjects/sh85124362
=650  \3$amoisture meters.
=650  \3$awater content.
=655  \3$aInternet resource.
=710  2\$aSoutheastern Forest Experiment Station (Asheville, N.C.)
=830  \0$aStation paper (Southeastern Forest Experiment Station (Asheville, N.C.)) ;$vno. 154.
=856  41$uhttps://archive.org/details/methodfordetermi154doug
=912  \\$analcatalog
=930  \\$a20140702$b20140807$c00000000
=945  \\$dML$e2003/08/14$fRY$g2003/09/24$n1
=945  \\$p14
=945  \\$aDigiMet
=946  \\$aUSDA
=994  \\$a92$bAGL

