=LDR  01897cam a2200493 a 4500
=001  9915485277707426
=005  20240620172437.0
=008  030911s1959\\\\ncua\\\\\b\\\f000\0\eng\\
=016  7\$aCAT11138287$2DNAL
=035  \\$a905042
=035  \\$a(OCoLC)52959590
=035  \\$a(DNAL)905042-naldb-Voyager
=040  \\$aAGL$beng$cAGL$dKLG$dLHL$dOCLCF$dOCLCQ$dOCLCO$dNOC$dAGM$dOCLCA$dOCLCQ$dAGL
=049  \\$aAGLL
=050  \0$aSD144.A15$bS73 no. 102
=070  0\$a1.9622$bS4St2 no. 102
=072  \0$aK110
=086  0\$aA 13.63/9:102
=100  1\$aTrousdell, Kenneth B.,$d1908-$0http://id.loc.gov/authorities/names/no99056437
=245  10$aSite treatment reduces need for planting at loblolly harvest time /$cby Kenneth B. Trousdell.
=260  \\$aAsheville, N.C. :$bU.S. Dept. of Agriculture, Forest Service Southeastern Forest Experiment Station,$c[1959]
=300  \\$a11 pages :$billustrations ;$c27 cm
=336  \\$atext$btxt$2rdacontent
=337  \\$aunmediated$bn$2rdamedia
=338  \\$avolume$bnc$2rdacarrier
=490  1\$aStation paper ;$vno. 102
=504  \\$aIncludes bibliographical references.
=591  \\$bNAL Reclamation
=593  \\$fAgricola CAT
=650  \0$aLoblolly pine.$0http://id.loc.gov/authorities/subjects/sh85077898
=650  \3$asite preparation.
=650  \3$aharvesting.
=655  \3$aInternet resource.
=710  1\$aUnited States.$bDepartment of Agriculture.
=710  2\$aSoutheastern Forest Experiment Station (Asheville, N.C.)$0http://id.loc.gov/authorities/names/n79063970
=830  \0$aStation paper (Southeastern Forest Experiment Station (Asheville, N.C.)) ;$vno. 102.
=856  41$uhttps://archive.org/details/sitetreatmentred102trou
=912  \\$analcatalog
=930  \\$a20140702$b20140807$c00000000
=945  \\$dDF$e2003/09/03$fRY$g2003/09/11$n1
=945  \\$p18
=945  \\$aDigiMet
=946  \\$aUSDA
=994  \\$a92$bAGL

