=LDR  02314cam a2200577 a 4500
=001  9915485282907426
=005  20240620172430.0
=008  030917s1957\\\\ncua\\\\\b\\\f000\0\eng\d
=016  7\$aCAT11138422$2DNAL
=035  \\$a905176
=035  \\$a(OCoLC)13162939
=035  \\$a(DNAL)905176-naldb-Voyager
=040  \\$aGUA$beng$cGUA$dAGL$dOCLCQ$dCOF$dOCLCQ$dOCLCF$dOCLCQ$dOCLCA$dAGM$dOCLCA$dOCLCQ$dOCLCO
=043  \\$an-us-ga
=049  \\$aAGLL
=050  \0$aSD427.G8$bH2
=070  0\$a1.9622$bS4St2 no. 75
=072  \0$aF700
=072  \0$aF130
=086  0\$aA 13.63/9:75
=100  1\$aHalls, Lowell K.,$d1918-$0http://id.loc.gov/authorities/names/n79089500
=245  10$aCommon browse plants of the Georgia coastal plain :$btheir chemical composition and contribution to cattle diet /$cby L.K. Halls, F.E. Knox, and V.A. Lazar.
=260  \\$aAsheville, N.C. :$bU.S. Dept. of Agriculture, Forest Service, Southeastern Forest Experiment Station,$c[1957]
=300  \\$a18 pages :$billustrations ;$c27 cm
=336  \\$atext$btxt$2rdacontent
=337  \\$aunmediated$bn$2rdamedia
=338  \\$avolume$bnc$2rdacarrier
=490  1\$aStation paper ;$vno. 75
=504  \\$aIncludes bibliographical references (pages 17-18).
=591  \\$bNAL Reclamation
=593  \\$fAgricola CAT
=650  \0$aGrazing.$0http://id.loc.gov/authorities/subjects/sh85056594
=650  \0$aForage plants$zGeorgia.
=650  \3$aChemical composition.
=650  \3$aCattle feeding.
=651  \3$aGeorgia
=651  \7$aGeorgia.$2fast$0(OCoLC)fst01204622
=655  \3$aInternet resource.
=700  1\$aKnox, F. E.
=700  1\$aLazar, V. A.
=710  2\$aSoutheastern Forest Experiment Station (Asheville, N.C.)
=776  08$iOnline version:$aHalls, Lowell K., 1918-$tCommon browse plants of the Georgia coastal plain.$dAsheville, N.C. : U.S. Dept. of Agriculture, Forest Service, Southeastern Forest Experiment Station, [1957]$w(OCoLC)691608176
=830  \0$aStation paper (Southeastern Forest Experiment Station (Asheville, N.C.)) ;$vno. 75.
=856  41$uhttps://archive.org/details/commonbrowseplan75hall
=912  \\$analcatalog
=930  \\$a20140702$b20140807$c00000000
=945  \\$dML$e2003/09/09$fRY$g2003/09/17$n1
=945  \\$p26
=945  \\$aDigiMet
=946  \\$aUSDA
=994  \\$a92$bAGL

