=LDR  01792cam a2200517Ia 4500
=001  9915485283407426
=005  20240620172445.0
=008  030917s1956\\\\ncua\\\\\b\\\f000\0\eng\\
=016  7\$aCAT11138459$2DNAL
=035  \\$a905213
=035  \\$a(OCoLC)52996178
=035  \\$a(DNAL)905213-naldb-Voyager
=040  \\$aAGL$beng$cAGL$dCOF$dKLG$dOCLCQ$dOCLCA$dAGM$dAGL
=049  \\$aAGLL
=050  \0$aSD144.A15$bS73 no. 74
=070  0\$a1.9622$bS4St2 no. 74
=072  \0$aK250
=086  0\$aA 13.63/9:74
=100  1\$aTaras, Michael A.$0http://id.loc.gov/authorities/names/n85174185
=245  10$aBuying pulpwood by weight as compared with volume measure /$cby Michael A. Taras.
=260  \\$aAsheville, N.C. :$bU.S. Dept. of Agriculture, Forest Service, Southeastern Forest Experiment Station,$c[1956]
=300  \\$a11 pages :$billustrations ;$c27 cm.
=336  \\$atext$btxt$2rdacontent
=337  \\$aunmediated$bn$2rdamedia
=338  \\$avolume$bnc$2rdacarrier
=490  1\$aStation paper ;$vno. 74
=504  \\$aIncludes bibliographical references (pages 10-11).
=591  \\$bNAL Reclamation
=593  \\$fAgricola CAT
=650  \0$aPulpwood$xMeasurement.
=650  \3$aPulpwood.
=650  \3$aweight.
=650  \3$aVolume.
=650  \3$aMeasurement.
=651  \3$aSoutheastern United States.
=655  \3$aInternet resource.
=710  2\$aSoutheastern Forest Experiment Station (Asheville, N.C.)
=830  \0$aStation paper (Southeastern Forest Experiment Station (Asheville, N.C.)) ;$vno. 74.
=856  41$uhttps://archive.org/details/buyingpulpwoodby74tara
=912  \\$analcatalog
=930  \\$a20140702$b20140807$c00000000
=945  \\$dML$e2003/09/09$fRY$g2003/09/17$n1
=945  \\$p18
=945  \\$aDigiMet
=946  \\$aUSDA
=994  \\$a92$bAGL

