=LDR  02231cam a2200601 a 4500
=001  9915485360107426
=005  20240620171839.0
=008  030917s1957\\\\ncua\\\\\b\\\f000\0\eng\\
=016  7\$aCAT11138464$2DNAL
=035  \\$a905218
=035  \\$a(OCoLC)53008016
=035  \\$a(DNAL)905218-naldb-Voyager
=040  \\$aAGL$beng$cAGL$dOCLCQ$dOCLCG$dKLG$dMTG$dOCLCA$dOCLCQ$dOCLCA$dOCLCF$dAGM$dOCLCQ$dAGL
=043  \\$an-usu--
=049  \\$aAGLL
=050  \0$aSD144.A15$bS73 no. 78
=070  0\$a1.9622$bS4St2 no. 78
=072  \0$aF130
=072  \0$aL500
=086  0\$aA 13.63/9:78
=100  1\$aHalls, Lowell K.,$d1918-$0http://id.loc.gov/authorities/names/n79089500
=245  10$aSome results of seeding and fertilization to improve southern forest range /$cL.K. Halls, G.W. Burton, and B.L. Southwell.
=260  \\$aAsheville, N.C. :$bU.S. Dept. of Agriculture, Forest Service, Southeastern Forest Experiment Station,$c[1957]
=300  \\$a26 pages :$billustrations ;$c27 cm
=336  \\$atext$btxt$2rdacontent
=337  \\$aunmediated$bn$2rdamedia
=338  \\$avolume$bnc$2rdacarrier
=490  1\$aStation paper ;$vno. 78
=504  \\$aIncludes bibliographical references (page 24).
=591  \\$bNAL Reclamation
=593  \\$fAgricola CAT
=650  \0$aForage plants$xSowing$zSouthern States.
=650  \0$aForage plants$xFertilizers$zSouthern States.
=650  \3$asowing.
=650  \3$aforests.
=650  \3$arangelands.
=650  \3$afertilizers.
=650  \3$aland management.
=651  \3$aSoutheastern United States.
=651  \7$aSouthern States.$2fast$0(OCoLC)fst01244550
=655  \3$aInternet resource.
=700  1\$aBurton, Glenn W.$q(Glenn Willard),$d1910-2005.$0http://id.loc.gov/authorities/names/n82132952
=700  1\$aSouthwell, B. L.
=710  2\$aSoutheastern Forest Experiment Station (Asheville, N.C.)
=830  \0$aStation paper (Southeastern Forest Experiment Station (Asheville, N.C.)) ;$vno. 78.
=856  41$uhttps://archive.org/details/someresultsofsee78hall
=912  \\$analcatalog
=930  \\$a20140702$b20140807$c00000000
=945  \\$dML$e2003/09/11$fRY$g2003/09/17$n1
=945  \\$p32
=945  \\$aDigiMet
=946  \\$aUSDA
=994  \\$a92$bAGL

