=LDR  01899cam a2200529Ia 4500
=001  9915485403307426
=005  20240620171845.0
=008  030917s1956\\\\ncua\\\\\\\\\f000\0\eng\\
=016  7\$aCAT11138458$2DNAL
=035  \\$a905212
=035  \\$a(OCoLC)52995901
=035  \\$a(DNAL)905212-naldb-Voyager
=040  \\$aAGL$beng$cAGL$dCOF$dKLG$dOCLCF$dOCLCQ$dOCLCA$dAGM$dAGL
=049  \\$aAGLL
=050  \0$aSD144.A15$bS73 no. 73
=070  0\$a1.9622$bS4St2 no. 73
=072  \0$aX600
=072  \0$aK001
=086  0\$aA 13.63/9:73
=100  1\$aPeter, Ralph.
=245  13$aAn inexpensive method for measuring charcoal kiln temperatures /$cby Ralph Peter.
=260  \\$aAsheville, N.C. :$bU.S. Dept. of Agriculture, Forest Service Southeastern Forest Experiment Station,$c[1956]
=300  \\$a9 pages :$billustrations ;$c27 cm.
=336  \\$atext$btxt$2rdacontent
=337  \\$aunmediated$bn$2rdamedia
=338  \\$avolume$bnc$2rdacarrier
=490  1\$aStation paper ;$vno. 73
=591  \\$bNAL Reclamation
=593  \\$fAgricola CAT
=650  \0$aCharcoal kilns.$0http://id.loc.gov/authorities/subjects/sh85022637
=650  \0$aTemperature measurements.$0http://id.loc.gov/authorities/subjects/sh89005773
=650  \0$aTemperature measuring instruments.$0http://id.loc.gov/authorities/subjects/sh89005777
=650  \3$akilns.
=650  \3$acharcoal.
=650  \3$atemperature.
=650  \3$ameasurement.
=655  \3$aInternet resource.
=710  2\$aSoutheastern Forest Experiment Station (Asheville, N.C.)
=830  \0$aStation paper (Southeastern Forest Experiment Station (Asheville, N.C.)) ;$vno. 73.
=856  41$uhttps://archive.org/details/inexpensivemetho73pete
=912  \\$analcatalog
=930  \\$a20140702$b20140807$c00000000
=945  \\$dML$e2003/09/09$fRY$g2003/09/17$n1
=945  \\$p16
=945  \\$aDigiMet
=946  \\$aUSDA
=994  \\$a92$bAGL

