=LDR  01733cam a2200481Ii 4500
=001  9915485404207426
=005  20240620171836.0
=008  030917s1956\\\\dcuab\\\\b\\\f000\0\eng\d
=016  7\$aCAT11138419$2DNAL
=035  \\$a905173
=035  \\$a(OCoLC)01719460
=035  \\$a(DNAL)905173-naldb-Voyager
=040  \\$aORL$beng$cORL$dOCL$dOCLCQ$dAGL$dOCLCQ$dCOF$dKLG$dOCLCQ$dOCLCF$dOCLCQ$dOCLCA
=043  \\$an-us-fl
=049  \\$aAGLL
=050  \0$aSD144.A15$bS73 no. 71
=070  0\$a1.9622$bS4St2 no. 71
=072  \0$aF130
=086  0\$aA 13.63/9:71
=100  1\$aRummell, Robert S.,$d1919-$0http://id.loc.gov/authorities/names/n92017845
=245  10$aRange management research in South Florida :$ba project analysis /$cby Robert S. Rummell.
=260  \\$a[Washington?] :$bU.S. Dept. of Agriculture, Forest Service,$c[1956]
=300  \\$a48 pages :$billustrations, maps ;$c27 cm.
=336  \\$atext$btxt$2rdacontent
=337  \\$aunmediated$bn$2rdamedia
=338  \\$avolume$bnc$2rdacarrier
=490  1\$aStation paper ;$vno. 71
=504  \\$aIncludes bibliographical references (pages 40-45).
=591  \\$bNAL Reclamation
=593  \\$fAgricola CAT
=650  \0$aRange management$zFlorida.
=651  \7$aFlorida.$2fast$0(OCoLC)fst01205150
=655  \3$aInternet resource.
=710  2\$aSoutheastern Forest Experiment Station (Asheville, N.C.)
=830  \0$aStation paper (Southeastern Forest Experiment Station (Asheville, N.C.)) ;$vno. 71.
=856  41$uhttps://archive.org/details/rangemanagementr71rumm
=912  \\$analcatalog
=930  \\$a20140702$b20140807$c00000000
=945  \\$dML$e2003/09/08$fRY$g2003/09/17$n1
=945  \\$p54
=945  \\$aDigiMet
=946  \\$aUSDA
=994  \\$a92$bAGL

