=LDR  01699cam a2200481Ia 4500
=001  9915485414907426
=005  20240620171857.0
=008  030917s1958\\\\ncuab\\\\b\\\f000\0\eng\d
=016  7\$aCAT11138451$2DNAL
=035  \\$a905205
=035  \\$a(OCoLC)50544870
=035  \\$a(DNAL)905205-naldb-Voyager
=040  \\$aVXG$beng$cVXG$dAGL$dKLG$dMTG$dOCLCF$dOCLCQ$dAGM
=049  \\$aAGLL
=050  \0$aSD144.A15$bS73 no. 90
=070  0\$a1.9622$bS4St2 no. 90
=072  \0$aF700
=072  \0$aK001
=086  0\$aA 13.63/9:90
=100  1\$aMartindale, Donald L.
=245  10$aSilvical characteristics of sweetgum /$cby Donald L. Martindale.
=246  16$aSilvical characteristics of sweetgum (Liquidambar styraciflua L.)
=260  \\$aAsheville, N.C. :$bU.S. Dept. of Agriculture, Forest Service, Southeastern Forest Experiment Station,$c[1958]
=300  \\$a14 pages :$billustrations, map ;$c27 cm.
=336  \\$atext$btxt$2rdacontent
=337  \\$aunmediated$bn$2rdamedia
=338  \\$avolume$bnc$2rdacarrier
=490  1\$aStation paper ;$vno. 90
=504  \\$aIncludes bibliographical references (pages 12-14).
=591  \\$bNAL Reclamation
=593  \\$fAgricola CAT
=650  \0$aSweetgum.$0http://id.loc.gov/authorities/subjects/sh85131178
=650  \3$aLiquidambar styraciflua.
=655  \3$aInternet resource.
=830  \0$aStation paper (Southeastern Forest Experiment Station (Asheville, N.C.)) ;$vno. 90.
=856  41$uhttps://archive.org/details/silvicalcharacte90mart
=912  \\$analcatalog
=930  \\$a20140702$b20140807$c00000000
=945  \\$dML$e2003/09/12$fRY$g2003/09/17$n1
=945  \\$p20
=945  \\$aDigiMet
=946  \\$aUSDA
=994  \\$a92$bAGL

