=LDR  02120cam a2200565Ia 4500
=001  9915485418307426
=005  20240620171849.0
=008  030924s1962\\\\ncuab\\\\b\\\f000\0\eng\\
=016  7\$aCAT11138568$2DNAL
=035  \\$a905321
=035  \\$a(OCoLC)52855304
=035  \\$a(DNAL)905321-naldb-Voyager
=040  \\$aAGL$beng$cAGL$dOCLCQ$dMTG$dKLG$dOCLCF$dOCLCQ$dOCLCO$dNOC$dOCLCA$dAGM$dAGL
=043  \\$an-usu--
=049  \\$aAGLL
=050  \0$aSD144.A15$bS73 no. 151
=070  0\$a1.9622$bS4St2 no. 151
=072  \0$aP000
=072  \0$aK001
=086  0\$aA 13.63/9:151
=100  1\$aRomancier, Robert M.,$d1935-$0http://id.loc.gov/authorities/names/n87150427
=245  10$aManagement of small woodland holdings in the Georgia Piedmont :$ba 12-year report /$cby R.M. Romancier and E.V. Brender.
=260  \\$aAsheville, N.C. :$bU.S. Dept. of Agriculture, Forest Service, Southeastern Forest Experiment Station,$c[1962]
=300  \\$a12 pages :$billustrations, map ;$c27 cm.
=336  \\$atext$btxt$2rdacontent
=337  \\$aunmediated$bn$2rdamedia
=338  \\$avolume$bnc$2rdacarrier
=490  1\$aStation paper ;$vno. 151
=504  \\$aIncludes bibliographical references.
=591  \\$bNAL Reclamation
=593  \\$fAgricola CAT
=650  \0$aWoodlots$zSouthern States$xManagement.
=650  \0$aForest management$zSouthern States.
=650  \3$aForest management.
=650  \3$aPrivate forestry.
=650  \3$aForestry.
=651  \3$aGeorgia.
=651  \7$aSouthern States.$2fast$0(OCoLC)fst01244550
=655  \3$aInternet resource.
=700  1\$aBrender, E. V.$q(Ernst Victor),$d1905-1985.$0http://id.loc.gov/authorities/names/no2017142423
=710  2\$aSoutheastern Forest Experiment Station (Asheville, N.C.)
=830  \0$aStation paper (Southeastern Forest Experiment Station (Asheville, N.C.)) ;$vno. 151.
=856  41$uhttps://archive.org/details/managementofsmal151roma
=912  \\$analcatalog
=930  \\$a20140702$b20140807$c00000000
=945  \\$dML$e2003/08/15$fRY$g2003/09/24$n1
=945  \\$p20
=945  \\$aDigiMet
=946  \\$aUSDA
=994  \\$a92$bAGL

