=LDR  05946cas a22025937a 4500
=001  9915511560407426
=005  20240624191532.0
=008  001010d19141927dcumr\p\\\\\\f0\\\a0eng\d
=010  \\$asn 86013728 
=012  \\$i8702$j0
=016  7\$aCAT11085486$2DNAL
=022  0\$a0887-4166$l0887-4166$21
=035  \\$a848904
=035  \\$a(OCoLC)13211746
=035  \\$a(DNAL)848904-naldb-Voyager
=040  \\$aNSD$beng$cNSD$dNYG$dNSD$dOCLCQ$dOCLCF$dAGL$dOCLCQ
=042  \\$ansdp
=049  \\$aAGLL
=070  0\$a1$bIn7S
=110  1\$aUnited States.$bInsecticide and Fungicide Board.$0http://id.loc.gov/authorities/names/n80145304
=210  0\$aServ. regul. announc. - U.S., Insectic. Fungic. Board
=222  \0$aService and regulatory announcements - United States. Insecticide and Fungicide Board
=245  10$aService and regulatory announcements /$cU.S. Department of Agriculture, Insecticide and Fungicide Board.
=260  \\$a[Washington, D.C.] :$bThe Board :$bSupt. of Docs., G.P.O. [distributor],$c1914-
=310  \\$aMonthly
=336  \\$atext$btxt$2rdacontent
=337  \\$aunmediated$bn$2rdamedia
=362  0\$a[No.] 1 (Feb. 1914)-no. 58 (July 1927).
=580  \\$aContinued by: United States. Food, Drug and Insecticide Administration. Service and regulatory announcements.
=588  \\$aLatest issue consulted: No. 41 (surrogate).
=591  \\$bNAL Reclamation
=593  \\$fAgricola CAT
=650  \0$aInsecticides$vPeriodicals.
=650  \0$aFungicides$vPeriodicals.
=655  \7$aPeriodicals.$2fast$0(OCoLC)fst01411641
=776  08$iOnline version:$aUnited States. Insecticide and Fungicide Board.$tService and regulatory announcements$w(OCoLC)690379754
=785  10$aUnited States. Food, Drug and Insecticides Administration.$tService and regulatory announcements. Food and drug$w(OCoLC)13943485
=850  \\$aDNAL$aN
=856  41$uhttps://archive.org/details/usda-serviceregulatoryannouncements
=912  \\$analcatalog
=930  \\$a20140522$b20140606$c00000000
=945  \\$aDigiMet
=945  \\$vpt. 1
=945  \\$p34
=945  \\$aDigiMet
=945  \\$vpt. 2
=945  \\$p12
=945  \\$aDigiMet
=945  \\$vpt. 3
=945  \\$p24
=945  \\$aDigiMet
=945  \\$vpt. 4
=945  \\$p16
=945  \\$aDigiMet
=945  \\$vpt. 5
=945  \\$p24
=945  \\$aDigiMet
=945  \\$vpt. 6
=945  \\$p16
=945  \\$aDigiMet
=945  \\$vpt. 7
=945  \\$p20
=945  \\$aDigiMet
=945  \\$vpt. 8
=945  \\$p20
=945  \\$aDigiMet
=945  \\$vpt. 9
=945  \\$p20
=945  \\$aDigiMet
=945  \\$vpt. 10
=945  \\$p28
=945  \\$aDigiMet
=945  \\$vpt. 11
=945  \\$p44
=945  \\$aDigiMet
=945  \\$vpt. 12
=945  \\$p16
=945  \\$aDigiMet
=945  \\$vpt. 13
=945  \\$p56
=945  \\$aDigiMet
=945  \\$vpt. 14
=945  \\$p44
=945  \\$aDigiMet
=945  \\$vpt. 15
=945  \\$p40
=945  \\$aDigiMet
=945  \\$vpt. 16
=945  \\$p72
=945  \\$aDigiMet
=945  \\$vpt. 17
=945  \\$p32
=945  \\$aDigiMet
=945  \\$vpt. 18
=945  \\$p12
=945  \\$aDigiMet
=945  \\$vpt. 19
=945  \\$p56
=945  \\$aDigiMet
=945  \\$vpt. 20
=945  \\$p60
=945  \\$aDigiMet
=945  \\$vpt. 21
=945  \\$p20
=945  \\$aDigiMet
=945  \\$vpt. 22
=945  \\$p44
=945  \\$aDigiMet
=945  \\$vpt. 23
=945  \\$p12
=945  \\$aDigiMet
=945  \\$vpt. 24
=945  \\$p36
=945  \\$aDigiMet
=945  \\$vpt. 25
=945  \\$p44
=945  \\$aDigiMet
=945  \\$vpt. 26
=945  \\$p40
=945  \\$aDigiMet
=945  \\$vpt. 27
=945  \\$p36
=945  \\$aDigiMet
=945  \\$vpt. 28
=945  \\$p26
=945  \\$aDigiMet
=945  \\$vpt. 29
=945  \\$p32
=945  \\$aDigiMet
=945  \\$vpt. 30
=945  \\$p28
=945  \\$aDigiMet
=945  \\$vpt. 31
=945  \\$p32
=945  \\$aDigiMet
=945  \\$vpt. 32
=945  \\$p32
=945  \\$aDigiMet
=945  \\$vpt. 33
=945  \\$p28
=945  \\$aDigiMet
=945  \\$vpt. 34
=945  \\$p32
=945  \\$aDigiMet
=945  \\$vpt. 35
=945  \\$p36
=945  \\$aDigiMet
=945  \\$vpt. 36
=945  \\$p36
=945  \\$aDigiMet
=945  \\$vpt. 37
=945  \\$p28
=945  \\$aDigiMet
=945  \\$vpt. 38
=945  \\$p16
=945  \\$aDigiMet
=945  \\$vpt. 39
=945  \\$p32
=945  \\$aDigiMet
=945  \\$vpt. 40
=945  \\$p40
=945  \\$aDigiMet
=945  \\$vpt. 41
=945  \\$p28
=945  \\$aDigiMet
=945  \\$vpt. 42
=945  \\$p32
=945  \\$aDigiMet
=945  \\$vpt. 43
=945  \\$p28
=945  \\$aDigiMet
=945  \\$vpt. 44
=945  \\$p28
=945  \\$aDigiMet
=945  \\$vpt. 45
=945  \\$p36
=945  \\$aDigiMet
=945  \\$vpt. 46
=945  \\$p28
=945  \\$aDigiMet
=945  \\$vpt. 47
=945  \\$p28
=945  \\$aDigiMet
=945  \\$vpt. 48
=945  \\$p6
=945  \\$aDigiMet
=945  \\$vpt. 49
=945  \\$p24
=945  \\$aDigiMet
=945  \\$vpt. 50
=945  \\$p28
=945  \\$aDigiMet
=945  \\$vpt. 51
=945  \\$p28
=945  \\$aDigiMet
=945  \\$vpt. 52
=945  \\$p80
=945  \\$aDigiMet
=945  \\$vpt. 53
=945  \\$p26
=945  \\$aDigiMet
=945  \\$vpt. 54
=945  \\$p24
=945  \\$aDigiMet
=945  \\$vpt. 55
=945  \\$p40
=945  \\$aDigiMet
=945  \\$vpt. 56
=945  \\$p26
=945  \\$aDigiMet
=945  \\$vpt. 57
=945  \\$p6
=945  \\$aDigiMet
=945  \\$vpt. 58
=945  \\$p22
=946  \\$aUSDA
=959  \\$c2014-10-03$essouder$gurl
=959  \\$c2014-05-22$ergallett$gupgrade
=994  \\$a92$bAGL

