=LDR  01814cas a22007932  4500
=001  9915511560607426
=005  20240624191534.0
=008  001010d19uu19uuxxuuu\\\\\\\\f0\\\\1eng\d
=016  7\$aCAT11084657$2DNAL
=035  \\$91084-65760
=035  \\$a848681
=035  \\$a(DNAL)848681-naldb-Voyager
=040  \\$aAGL$dAGL
=049  \\$aRQIC
=070  0\$a1.9$bM34Dr
=110  1\$aUnited States.$bBureau of Markets.
=245  10$aDaily radio-marketgram.
=362  1\$aCeased.
=500  \\$aNAL holdings: July 19, 1920-July 25, 1921.
=593  \\$fAgricola CAT
=650  \0$aFarm produce$xMarketing$vPeriodicals.
=650  \0$aProduce trade$vPeriodicals.
=655  \3$aInternet resource
=856  41$uhttps://archive.org/details/usda-bureauofmarkets
=912  \\$analcatalog
=930  \\$a20190221$b20190301$c00000000
=939  \\$a20140902$b20141003$c00000000
=939  \\$a20140501$b20140502$c00000000
=945  \\$aDigiMet
=945  \\$vpt. 1
=945  \\$p34
=945  \\$aDigiMet
=945  \\$vpt. 2
=945  \\$p60
=945  \\$aDigiMet
=945  \\$vpt. 3
=945  \\$p46
=945  \\$aDigiMet
=945  \\$vpt. 4
=945  \\$p76
=945  \\$aDigiMet
=945  \\$vpt. 5
=945  \\$p72
=945  \\$aDigiMet
=945  \\$vpt. 6
=945  \\$p62
=945  \\$aDigiMet
=945  \\$vpt. 7
=945  \\$p70
=945  \\$aDigiMet
=945  \\$vpt. 8
=945  \\$p48
=945  \\$aDigiMet
=945  \\$vpt. 9
=945  \\$p54
=945  \\$aDigiMet
=945  \\$vpt. 10
=945  \\$p56
=945  \\$aDigiMet
=945  \\$vpt. 11
=945  \\$p52
=945  \\$aDigiMet
=945  \\$vpt. 12
=945  \\$p50
=945  \\$aDigiMet
=945  \\$vpt. 13
=945  \\$p38
=946  \\$aUSDA
=959  \\$c2014-05-01$ergallett$gaccadd

