=LDR  00973cas a22003492  4500
=001  9915511638707426
=005  20240624191523.0
=008  001010d19uu19uuxxuuu\\\\\\\\f0\\\\1eng\d
=016  7\$aCAT11085102$2DNAL
=035  \\$91085-10260
=035  \\$a848866
=035  \\$a(DNAL)848866-naldb-Voyager
=040  \\$aAGL$dAGL
=049  \\$aRQIC
=070  0\$a1.9$bIn3R
=110  1\$aUnited States.$bDepartment of Agriculture.$bRadio Service.
=245  10$aRadio order of [programs].
=362  1\$aCeased.
=500  \\$aEach no. has individual title.
=593  \\$fAgricola CAT
=655  \3$aInternet resource
=740  02$aJr. gardening.
=740  02$aFarm news digest.
=740  02$aFifty farm flashes.
=740  02$aHousekeepers' half hour.
=856  41$uhttps://archive.org/details/radioorderofprog00unit
=912  \\$analcatalog
=930  \\$a20140812$b00000000$c00000000
=945  \\$aDigiMet
=945  \\$p14
=946  \\$aUSDA
=959  \\$c2013-04-02$essouder$gap

