=LDR  01086cas a2200361M  4500
=001  9915511642307426
=005  20240621213733.0
=008  001010d194319uudcuuu\\\\\\\\f0\\\\0eng\d
=016  7\$aCAT11084621$2DNAL
=035  \\$a848821
=035  \\$a(OCoLC)1289133604
=035  \\$a(DNAL)848821-naldb-Voyager
=040  \\$aAGL$beng$cAGL
=049  \\$aRQIC
=070  0\$a1.9422$bA8C76
=110  1\$aUnited States.$bWar Food Administration.
=245  10$aContainer notes.
=260  \\$a[Washington.
=310  \\$a[Irregular]
=362  0\$aNo. 1- June 17, 1943-
=362  1\$aCeased.
=550  \\$aIssuing office varies: no. 15- Apr. 22, 1944- U.S. War food administration. Office of distribution.
=591  \\$bNAL Reclamation
=593  \\$fAgricola CAT
=655  \3$aInternet resource.
=710  1\$aUnited States.$bWar Food Administration.$bOffice of Distribution.
=856  41$uhttps://archive.org/details/usda-warfoodadministration
=912  \\$analcatalog
=930  \\$a20140812$b00000000$c00000000
=945  \\$aDigiMet
=945  \\$p46
=946  \\$aUSDA
=994  \\$a92$bAGL

