=LDR  05200cas a22026532  4500
=001  9915511646607426
=005  20240624191527.0
=008  001010d19uu19uuxxuuu\\\\\\\\f0\\\\1eng\d
=016  7\$aCAT11085067$2DNAL
=035  \\$91085-06760
=035  \\$a848861
=035  \\$a(DNAL)848861-naldb-Voyager
=040  \\$aAGL$dAGL
=049  \\$aRQIC
=070  0\$a1.9$bIn3P
=110  1\$aUnited States.$bDepartment of Agriculture.$bRadio Service.
=245  10$aPrimer for town farmers.
=362  1\$aCeased.
=593  \\$fAgricola CAT
=650  \0$aUrban agriculture$zUnited States.
=650  \0$aFarmers$zUnited States.
=655  \3$aInternet resource
=856  41$uhttps://archive.org/details/usda-usdaradioservice
=912  \\$analcatalog
=930  \\$a20140702$b20140807$c00000000
=939  \\$a20140205$b20140307$c00000000
=945  \\$aDigiMet
=945  \\$vpt. 1
=945  \\$p30
=945  \\$aDigiMet
=945  \\$vpt. 2
=945  \\$p36
=945  \\$aDigiMet
=945  \\$vpt. 3
=945  \\$p48
=945  \\$aDigiMet
=945  \\$vpt. 4
=945  \\$p34
=945  \\$aDigiMet
=945  \\$vpt. 5
=945  \\$p26
=945  \\$aDigiMet
=945  \\$vpt. 6
=945  \\$p28
=945  \\$aDigiMet
=945  \\$vpt. 7
=945  \\$p28
=945  \\$aDigiMet
=945  \\$vpt. 8
=945  \\$p30
=945  \\$aDigiMet
=945  \\$vpt. 9
=945  \\$p40
=945  \\$aDigiMet
=945  \\$vpt. 10
=945  \\$p18
=945  \\$aDigiMet
=945  \\$vpt. 11
=945  \\$p36
=945  \\$aDigiMet
=945  \\$vpt. 12
=945  \\$p42
=945  \\$aDigiMet
=945  \\$vpt. 13
=945  \\$p36
=945  \\$aDigiMet
=945  \\$vpt. 14
=945  \\$p34
=945  \\$aDigiMet
=945  \\$vpt. 15
=945  \\$p40
=945  \\$aDigiMet
=945  \\$vpt. 16
=945  \\$p38
=945  \\$aDigiMet
=945  \\$vpt. 17
=945  \\$p46
=945  \\$aDigiMet
=945  \\$vpt. 18
=945  \\$p36
=945  \\$aDigiMet
=945  \\$vpt. 19
=945  \\$p34
=945  \\$aDigiMet
=945  \\$vpt. 20
=945  \\$p36
=945  \\$aDigiMet
=945  \\$vpt. 21
=945  \\$p16
=945  \\$aDigiMet
=945  \\$vpt. 22
=945  \\$p36
=945  \\$aDigiMet
=945  \\$vpt. 23
=945  \\$p34
=945  \\$aDigiMet
=945  \\$vpt. 24
=945  \\$p30
=945  \\$aDigiMet
=945  \\$vpt. 25
=945  \\$p34
=945  \\$aDigiMet
=945  \\$vpt. 26
=945  \\$p32
=945  \\$aDigiMet
=945  \\$vpt. 27
=945  \\$p32
=945  \\$aDigiMet
=945  \\$vpt. 28
=945  \\$p30
=945  \\$aDigiMet
=945  \\$vpt. 29
=945  \\$p34
=945  \\$aDigiMet
=945  \\$vpt. 30
=945  \\$p30
=945  \\$aDigiMet
=945  \\$vpt. 31
=945  \\$p38
=945  \\$aDigiMet
=945  \\$vpt. 32
=945  \\$p28
=945  \\$aDigiMet
=945  \\$vpt. 33
=945  \\$p30
=945  \\$aDigiMet
=945  \\$vpt. 34
=945  \\$p44
=945  \\$aDigiMet
=945  \\$vpt. 35
=945  \\$p32
=945  \\$aDigiMet
=945  \\$vpt. 36
=945  \\$p38
=945  \\$aDigiMet
=945  \\$vpt. 37
=945  \\$p36
=945  \\$aDigiMet
=945  \\$vpt. 38
=945  \\$p32
=945  \\$aDigiMet
=945  \\$vpt. 39
=945  \\$p30
=945  \\$aDigiMet
=945  \\$vpt. 40
=945  \\$p36
=945  \\$aDigiMet
=945  \\$vpt. 41
=945  \\$p28
=945  \\$aDigiMet
=945  \\$vpt. 42
=945  \\$p28
=945  \\$aDigiMet
=945  \\$vpt. 43
=945  \\$p32
=945  \\$aDigiMet
=945  \\$vpt. 44
=945  \\$p34
=945  \\$aDigiMet
=945  \\$vpt. 45
=945  \\$p48
=945  \\$aDigiMet
=945  \\$vpt. 46
=945  \\$p30
=945  \\$aDigiMet
=945  \\$vpt. 47
=945  \\$p32
=945  \\$aDigiMet
=945  \\$vpt. 48
=945  \\$p28
=945  \\$aDigiMet
=945  \\$vpt. 49
=945  \\$p28
=945  \\$aDigiMet
=945  \\$vpt. 50
=945  \\$p28
=945  \\$aDigiMet
=945  \\$vpt. 51
=945  \\$p34
=945  \\$aDigiMet
=945  \\$vpt. 52
=945  \\$p30
=945  \\$aDigiMet
=945  \\$vpt. 53
=945  \\$p34
=945  \\$aDigiMet
=945  \\$vpt. 54
=945  \\$p36
=945  \\$aDigiMet
=945  \\$vpt. 55
=945  \\$p28
=945  \\$aDigiMet
=945  \\$vpt. 56
=945  \\$p42
=945  \\$aDigiMet
=945  \\$vpt. 57
=945  \\$p36
=945  \\$aDigiMet
=945  \\$vpt. 58
=945  \\$p36
=945  \\$aDigiMet
=945  \\$vpt. 59
=945  \\$p34
=945  \\$aDigiMet
=945  \\$vpt. 60
=945  \\$p30
=945  \\$aDigiMet
=945  \\$vpt. 61
=945  \\$p34
=945  \\$aDigiMet
=945  \\$vpt. 62
=945  \\$p36
=945  \\$aDigiMet
=945  \\$vpt. 63
=945  \\$p42
=945  \\$aDigiMet
=945  \\$vpt. 64
=945  \\$p32
=945  \\$aDigiMet
=945  \\$vpt. 65
=945  \\$p34
=946  \\$aUSDA
=959  \\$c2013-04-02$essouder$gap
=959  \\$c2014-02-05$edfriedma$gsubjadd

