=LDR  02948cas a22011652  4500
=001  9915511650407426
=005  20240624191533.0
=008  001010d193419uuxxuuu\\\\\\\\f0\\\\1eng\d
=016  7\$aCAT11085365$2DNAL
=035  \\$91085-36560
=035  \\$a848896
=035  \\$a(DNAL)848896-naldb-Voyager
=040  \\$aAGL$dAGL
=049  \\$aRQIC
=070  0\$a1.9$bIn31We
=110  1\$aUnited States.$bDepartment of Agriculture.$bPress Service.
=245  10$aWeekly news series.
=246  1\$iTitle varies, no. 37, 1939-no. 1816, July 1953:$aWeekly news service. Exclusive to extension editors.
=246  1\$iTitle varies, no. 2018, Aug. 1953- no. 3599, 1958:$aNews Service for weeklies. Special to extension editors
=362  0\$aNo. 1-no. 3599, May 29, 1934-1958.
=362  1\$aCeased. Info. in answer to claim, May 11, 1961.
=500  \\$a1 cop. Wanting: 20, 35, 51, 85, 136, 152, 187.
=500  \\$aIssued for distribution exclusive to State extension editors.
=500  \\$aSome nos. omit Office of Information. Press Service.
=500  \\$aLetter May 9, 1934 requesting wanting nos.
=550  \\$aIssuing office varies: no. 363, 1934-no. 34, 1939, U.S. Extension Service.
=593  \\$fAgricola CAT
=655  \3$aInternet resource
=710  1\$aUnited States.$bExtension Service.
=856  41$uhttps://archive.org/details/usda-newsserviceforweeklies
=912  \\$analcatalog
=930  \\$a20140702$b00000000$c00000000
=945  \\$aDigiMet
=945  \\$vpt. 1
=945  \\$p106
=945  \\$aDigiMet
=945  \\$vpt. 2
=945  \\$p212
=945  \\$aDigiMet
=945  \\$vpt. 3
=945  \\$p272
=945  \\$aDigiMet
=945  \\$vpt. 4
=945  \\$p254
=945  \\$aDigiMet
=945  \\$vpt. 5
=945  \\$p188
=945  \\$aDigiMet
=945  \\$vpt. 6
=945  \\$p210
=945  \\$aDigiMet
=945  \\$vpt. 7
=945  \\$p156
=945  \\$aDigiMet
=945  \\$vpt. 8
=945  \\$p272
=945  \\$aDigiMet
=945  \\$vpt. 9
=945  \\$p228
=945  \\$aDigiMet
=945  \\$vpt. 10
=945  \\$p156
=945  \\$aDigiMet
=945  \\$vpt. 11
=945  \\$p146
=945  \\$aDigiMet
=945  \\$vpt. 12
=945  \\$p210
=945  \\$aDigiMet
=945  \\$vpt. 13
=945  \\$p166
=945  \\$aDigiMet
=945  \\$vpt. 14
=945  \\$p150
=945  \\$aDigiMet
=945  \\$vpt. 15
=945  \\$p150
=945  \\$aDigiMet
=945  \\$vpt. 16
=945  \\$p210
=945  \\$aDigiMet
=945  \\$vpt. 17
=945  \\$p48
=945  \\$aDigiMet
=945  \\$vpt. 18
=945  \\$p150
=945  \\$aDigiMet
=945  \\$vpt. 19
=945  \\$p146
=945  \\$aDigiMet
=945  \\$vpt. 20
=945  \\$p166
=945  \\$aDigiMet
=945  \\$vpt. 21
=945  \\$p132
=945  \\$aDigiMet
=945  \\$vpt. 22
=945  \\$p50
=946  \\$aUSDA
=959  \\$c2013-04-02$essouder$gap

