=LDR  02413cas a22010092  4500
=001  9915511660507426
=005  20240624191544.0
=008  001010d19uu19uuxxuuu\\\\\\\\f0\\\\1eng\d
=016  7\$aCAT11085101$2DNAL
=035  \\$91085-10160
=035  \\$a848865
=035  \\$a(DNAL)848865-naldb-Voyager
=040  \\$aAGL$dAGL
=049  \\$aRQIC
=070  0\$a1.9$bIn3Fs
=110  1\$aUnited States.$bDepartment of Agriculture.$bRadio Service.
=245  10$aRadio farm school.
=362  1\$aCeased.
=593  \\$fAgricola CAT
=650  \0$aDairy farming.
=650  \0$aLivestock$xBreeding.
=650  \0$aPoultry.
=655  \3$aInternet resource
=740  02$aAnnual health and sanitation.
=740  02$aShort course in dairying.
=740  02$aDairy herd selection and improvement.
=740  02$aLivestock breeding.
=740  02$aCommon poultry diseases.
=740  02$aFall management of poultry.
=740  02$aFeeding livestock.
=740  02$aPoultry houses.
=740  02$aProduction of good milk.
=740  02$aLivestock farms and shelter.
=740  02$aExhibiting poultry.
=740  02$aManagement of poultry breeding stock.
=856  41$uhttps://archive.org/details/usda-usdaradioservice
=912  \\$analcatalog
=930  \\$a20140702$b20140807$c00000000
=939  \\$a20140205$b20140307$c00000000
=945  \\$aDigiMet
=945  \\$vpt. 1
=945  \\$p100
=945  \\$aDigiMet
=945  \\$vpt. 2
=945  \\$p152
=945  \\$aDigiMet
=945  \\$vpt. 3
=945  \\$p176
=945  \\$aDigiMet
=945  \\$vpt. 4
=945  \\$p168
=945  \\$aDigiMet
=945  \\$vpt. 5
=945  \\$p162
=945  \\$aDigiMet
=945  \\$vpt. 6
=945  \\$p182
=945  \\$aDigiMet
=945  \\$vpt. 7
=945  \\$p132
=945  \\$aDigiMet
=945  \\$vpt. 8
=945  \\$p28
=945  \\$aDigiMet
=945  \\$vpt. 9
=945  \\$p90
=945  \\$aDigiMet
=945  \\$vpt. 10
=945  \\$p88
=945  \\$aDigiMet
=945  \\$vpt. 11
=945  \\$p82
=945  \\$aDigiMet
=945  \\$vpt. 12
=945  \\$p104
=945  \\$aDigiMet
=945  \\$vpt. 13
=945  \\$p86
=945  \\$aDigiMet
=945  \\$vpt. 14
=945  \\$p100
=945  \\$aDigiMet
=945  \\$vpt. 15
=945  \\$p98
=946  \\$aUSDA
=959  \\$c2013-04-02$essouder$gap
=959  \\$c2014-02-05$edfriedma$gsubjadd

