=LDR  10655cas a2205305M  4500
=001  9915511689607426
=005  20240624191543.0
=008  001010d19uu19uudcuuu\\\\\\\\f0\\\\0eng\d
=016  7\$aCAT11084972$2DNAL
=035  \\$a848700
=035  \\$a(OCoLC)1289112937
=035  \\$a(DNAL)848700-naldb-Voyager
=040  \\$aAGL$beng$cAGL
=049  \\$aRQIC
=070  0\$a1.9$bF763C
=110  1\$aUnited States.$bForest Service.
=245  10$aMonthly report offices of forest experiment stations and dendrology.
=246  1\$iSome issues have cover title:$aForest research activities
=246  1\$iTitle varies, May-Oct. 1926:$aCombined monthly report
=246  1\$iTitle varies, Nov. 1926-Mar. 1935, May 1935:$aMonthly report
=246  1\$iTitle varies, Apr. 1935:$aReport
=246  1\$iTitle varies, Nov. 1935:$aForest research
=246  1\$iTitle varies, Feb. 1936-May 1938:$aForest research, monthly report
=246  1\$iTitle varies, Oct. 1938- :$aForest research, bi-monthly report
=260  \\$aWashington.
=362  1\$aCeased.
=550  \\$aIssuing office varies: May 1926-May 1935, U.S. Forest Service. Branch of Research.
=591  \\$bNAL Reclamation
=593  \\$fAgricola CAT
=610  10$aUnited States.$bForest Service$vPeriodicals.
=650  \0$aForests and forestry$zUnited States$vPeriodicals.
=655  \3$aInternet resource.
=710  1\$aUnited States.$bForest Service.$bBranch of Research.
=856  41$uhttps://archive.org/details/usda-usforestservicemonthlyreport
=912  \\$analcatalog
=930  \\$a20140702$b20140807$c00000000
=939  \\$a20131113$b20131206$c00000000
=945  \\$aDigiMet
=945  \\$vpt. 1
=945  \\$p42
=945  \\$aDigiMet
=945  \\$vpt. 2
=945  \\$p40
=945  \\$aDigiMet
=945  \\$vpt. 3
=945  \\$p64
=945  \\$aDigiMet
=945  \\$vpt. 4
=945  \\$p50
=945  \\$aDigiMet
=945  \\$vpt. 5
=945  \\$p44
=945  \\$aDigiMet
=945  \\$vpt. 6
=945  \\$p56
=945  \\$aDigiMet
=945  \\$vpt. 7
=945  \\$p42
=945  \\$aDigiMet
=945  \\$vpt. 8
=945  \\$p50
=945  \\$aDigiMet
=945  \\$vpt. 9
=945  \\$p48
=945  \\$aDigiMet
=945  \\$vpt. 10
=945  \\$p60
=945  \\$aDigiMet
=945  \\$vpt. 11
=945  \\$p38
=945  \\$aDigiMet
=945  \\$vpt. 12
=945  \\$p48
=945  \\$aDigiMet
=945  \\$vpt. 13
=945  \\$p34
=945  \\$aDigiMet
=945  \\$vpt. 14
=945  \\$p32
=945  \\$aDigiMet
=945  \\$vpt. 15
=945  \\$p58
=945  \\$aDigiMet
=945  \\$vpt. 16
=945  \\$p34
=945  \\$aDigiMet
=945  \\$vpt. 17
=945  \\$p44
=945  \\$aDigiMet
=945  \\$vpt. 18
=945  \\$p28
=945  \\$aDigiMet
=945  \\$vpt. 19
=945  \\$p30
=945  \\$aDigiMet
=945  \\$vpt. 20
=945  \\$p30
=945  \\$aDigiMet
=945  \\$vpt. 21
=945  \\$p48
=945  \\$aDigiMet
=945  \\$vpt. 22
=945  \\$p50
=945  \\$aDigiMet
=945  \\$vpt. 23
=945  \\$p36
=945  \\$aDigiMet
=945  \\$vpt. 24
=945  \\$p34
=945  \\$aDigiMet
=945  \\$vpt. 25
=945  \\$p36
=945  \\$aDigiMet
=945  \\$vpt. 26
=945  \\$p28
=945  \\$aDigiMet
=945  \\$vpt. 27
=945  \\$p34
=945  \\$aDigiMet
=945  \\$vpt. 28
=945  \\$p40
=945  \\$aDigiMet
=945  \\$vpt. 29
=945  \\$p82
=945  \\$aDigiMet
=945  \\$vpt. 30
=945  \\$p110
=945  \\$aDigiMet
=945  \\$vpt. 31
=945  \\$p86
=945  \\$aDigiMet
=945  \\$vpt. 32
=945  \\$p70
=945  \\$aDigiMet
=945  \\$vpt. 33
=945  \\$p70
=945  \\$aDigiMet
=945  \\$vpt. 34
=945  \\$p76
=945  \\$aDigiMet
=945  \\$vpt. 35
=945  \\$p58
=945  \\$aDigiMet
=945  \\$vpt. 36
=945  \\$p46
=945  \\$aDigiMet
=945  \\$vpt. 37
=945  \\$p48
=945  \\$aDigiMet
=945  \\$vpt. 38
=945  \\$p42
=945  \\$aDigiMet
=945  \\$vpt. 39
=945  \\$p54
=945  \\$aDigiMet
=945  \\$vpt. 40
=945  \\$p46
=945  \\$aDigiMet
=945  \\$vpt. 41
=945  \\$p48
=945  \\$aDigiMet
=945  \\$vpt. 42
=945  \\$p48
=945  \\$aDigiMet
=945  \\$vpt. 43
=945  \\$p68
=945  \\$aDigiMet
=945  \\$vpt. 44
=945  \\$p48
=945  \\$aDigiMet
=945  \\$vpt. 45
=945  \\$p42
=945  \\$aDigiMet
=945  \\$vpt. 46
=945  \\$p54
=945  \\$aDigiMet
=945  \\$vpt. 47
=945  \\$p52
=945  \\$aDigiMet
=945  \\$vpt. 48
=945  \\$p50
=945  \\$aDigiMet
=945  \\$vpt. 49
=945  \\$p50
=945  \\$aDigiMet
=945  \\$vpt. 50
=945  \\$p60
=945  \\$aDigiMet
=945  \\$vpt. 51
=945  \\$p72
=945  \\$aDigiMet
=945  \\$vpt. 52
=945  \\$p62
=945  \\$aDigiMet
=945  \\$vpt. 54
=945  \\$p54
=945  \\$aDigiMet
=945  \\$vpt. 55
=945  \\$p44
=945  \\$aDigiMet
=945  \\$vpt. 56
=945  \\$p72
=945  \\$aDigiMet
=945  \\$vpt. 57
=945  \\$p50
=945  \\$aDigiMet
=945  \\$vpt. 58
=945  \\$p56
=945  \\$aDigiMet
=945  \\$vpt. 59
=945  \\$p62
=945  \\$aDigiMet
=945  \\$vpt. 60
=945  \\$p54
=945  \\$aDigiMet
=945  \\$vpt. 61
=945  \\$p44
=945  \\$aDigiMet
=945  \\$vpt. 62
=945  \\$p60
=945  \\$aDigiMet
=945  \\$vpt. 63
=945  \\$p56
=945  \\$aDigiMet
=945  \\$vpt. 64
=945  \\$p48
=945  \\$aDigiMet
=945  \\$vpt. 65
=945  \\$p54
=945  \\$aDigiMet
=945  \\$vpt. 66
=945  \\$p56
=945  \\$aDigiMet
=945  \\$vpt. 67
=945  \\$p64
=945  \\$aDigiMet
=945  \\$vpt. 68
=945  \\$p64
=945  \\$aDigiMet
=945  \\$vpt. 69
=945  \\$p54
=945  \\$aDigiMet
=945  \\$vpt. 70
=945  \\$p72
=945  \\$aDigiMet
=945  \\$vpt. 71
=945  \\$p62
=945  \\$aDigiMet
=945  \\$vpt. 72
=945  \\$p62
=945  \\$aDigiMet
=945  \\$vpt. 73
=945  \\$p56
=945  \\$aDigiMet
=945  \\$vpt. 74
=945  \\$p64
=945  \\$aDigiMet
=945  \\$vpt. 75
=945  \\$p70
=945  \\$aDigiMet
=945  \\$vpt. 76
=945  \\$p52
=945  \\$aDigiMet
=945  \\$vpt. 77
=945  \\$p50
=945  \\$aDigiMet
=945  \\$vpt. 78
=945  \\$p46
=945  \\$aDigiMet
=945  \\$vpt. 79
=945  \\$p62
=945  \\$aDigiMet
=945  \\$vpt. 80
=945  \\$p44
=945  \\$aDigiMet
=945  \\$vpt. 81
=945  \\$p66
=945  \\$aDigiMet
=945  \\$vpt. 82
=945  \\$p62
=945  \\$aDigiMet
=945  \\$vpt. 83
=945  \\$p74
=945  \\$aDigiMet
=945  \\$vpt. 84
=945  \\$p54
=945  \\$aDigiMet
=945  \\$vpt. 85
=945  \\$p60
=945  \\$aDigiMet
=945  \\$vpt. 86
=945  \\$p60
=945  \\$aDigiMet
=945  \\$vpt. 87
=945  \\$p56
=945  \\$aDigiMet
=945  \\$vpt. 88
=945  \\$p34
=945  \\$aDigiMet
=945  \\$vpt. 89
=945  \\$p42
=945  \\$aDigiMet
=945  \\$vpt. 90
=945  \\$p44
=945  \\$aDigiMet
=945  \\$vpt. 91
=945  \\$p44
=945  \\$aDigiMet
=945  \\$vpt. 92
=945  \\$p38
=945  \\$aDigiMet
=945  \\$vpt. 93
=945  \\$p40
=945  \\$aDigiMet
=945  \\$vpt. 94
=945  \\$p40
=945  \\$aDigiMet
=945  \\$vpt. 95
=945  \\$p40
=945  \\$aDigiMet
=945  \\$vpt. 96
=945  \\$p38
=945  \\$aDigiMet
=945  \\$vpt. 97
=945  \\$p34
=945  \\$aDigiMet
=945  \\$vpt. 98
=945  \\$p36
=945  \\$aDigiMet
=945  \\$vpt. 99
=945  \\$p36
=945  \\$aDigiMet
=945  \\$vpt. 100
=945  \\$p62
=945  \\$aDigiMet
=945  \\$vpt. 101
=945  \\$p40
=945  \\$aDigiMet
=945  \\$vpt. 102
=945  \\$p38
=945  \\$aDigiMet
=945  \\$vpt. 103
=945  \\$p40
=945  \\$aDigiMet
=945  \\$vpt. 104
=945  \\$p38
=945  \\$aDigiMet
=945  \\$vpt. 105
=945  \\$p42
=945  \\$aDigiMet
=945  \\$vpt. 106
=945  \\$p48
=945  \\$aDigiMet
=945  \\$vpt. 107
=945  \\$p38
=945  \\$aDigiMet
=945  \\$vpt. 108
=945  \\$p48
=945  \\$aDigiMet
=945  \\$vpt. 109
=945  \\$p70
=945  \\$aDigiMet
=945  \\$vpt. 110
=945  \\$p62
=945  \\$aDigiMet
=945  \\$vpt. 111
=945  \\$p50
=945  \\$aDigiMet
=945  \\$vpt. 112
=945  \\$p58
=945  \\$aDigiMet
=945  \\$vpt. 113
=945  \\$p56
=945  \\$aDigiMet
=945  \\$vpt. 114
=945  \\$p48
=945  \\$aDigiMet
=945  \\$vpt. 115
=945  \\$p52
=945  \\$aDigiMet
=945  \\$vpt. 116
=945  \\$p52
=945  \\$aDigiMet
=945  \\$vpt. 117
=945  \\$p68
=945  \\$aDigiMet
=945  \\$vpt. 118
=945  \\$p70
=945  \\$aDigiMet
=945  \\$vpt. 119
=945  \\$p130
=945  \\$aDigiMet
=945  \\$vpt. 120
=945  \\$p148
=945  \\$aDigiMet
=945  \\$vpt. 121
=945  \\$p118
=945  \\$aDigiMet
=945  \\$vpt. 122
=945  \\$p102
=945  \\$aDigiMet
=945  \\$vpt. 123
=945  \\$p106
=945  \\$aDigiMet
=945  \\$vpt. 124
=945  \\$p102
=945  \\$aDigiMet
=945  \\$vpt. 125
=945  \\$p134
=945  \\$aDigiMet
=945  \\$vpt. 126
=945  \\$p104
=945  \\$aDigiMet
=945  \\$vpt. 127
=945  \\$p116
=945  \\$aDigiMet
=945  \\$vpt. 128
=945  \\$p116
=945  \\$aDigiMet
=945  \\$vpt. 129
=945  \\$p102
=945  \\$aDigiMet
=945  \\$vpt. 130
=945  \\$p144
=945  \\$aDigiMet
=945  \\$vpt. 131
=945  \\$p130
=945  \\$aDigiMet
=945  \\$vpt. 132
=945  \\$p112
=945  \\$aDigiMet
=945  \\$vpt. 133
=945  \\$p110
=945  \\$aDigiMet
=945  \\$vpt. 134
=945  \\$p94
=945  \\$aDigiMet
=945  \\$vpt. 135
=945  \\$p130
=945  \\$aDigiMet
=945  \\$vpt. 136
=945  \\$p68
=946  \\$aUSDA
=959  \\$c2013-11-13$ergallett$gaccadd
=994  \\$a92$bAGL

