=LDR  01226cas a22003732  4500
=001  9915511714807426
=005  20240624191614.0
=008  001010d19uu19uuxxuuu\\\\\\\\f0\\\\1eng\d
=016  7\$aCAT11084821$2DNAL
=035  \\$91084-82160
=035  \\$a848844
=035  \\$a(DNAL)848844-naldb-Voyager
=040  \\$aAGL$dAGL
=049  \\$aRQIC
=070  0\$a1.9$bIn3Ifu
=110  1\$aUnited States.$bDepartment of Agriculture.$bRadio Service.
=245  10$aIf the corn borer comes (uninfested corn states).
=310  \\$aWeekly
=362  1\$aCeased.
=500  \\$aSome issues have subtitle "uninfested corn growing states" or "noninfested corn-growing states."
=588  \\$aDescription based on: Mar. 19, 1928; title from caption.
=588  \\$aLatest issue consulted: Apr. 30, 1928.
=593  \\$fAgricola CAT
=650  \0$aEuropean corn borer$xControl$zUnited States.
=655  \3$aInternet resource
=856  41$uhttps://archive.org/details/ifcornborercomes1928unit
=912  \\$analcatalog
=930  \\$a20140812$b20140905$c00000000
=939  \\$a20140331$b20140404$c00000000
=945  \\$aDigiMet
=945  \\$p34
=946  \\$aUSDA
=959  \\$c2013-04-02$essouder$gap
=959  \\$c2014-03-31$ergallett$gaccadd

