=LDR  02635cam a2200637Ia 4500
=001  9915511740107426
=005  20240624191614.0
=008  971021s1958\\\\orub\\\\\b\\\f000\0\eng\\
=016  7\$aCAT10836012$2DNAL
=019  \\$a153680229
=035  \\$a802908
=035  \\$a(OCoLC)37809215$z(OCoLC)153680229
=035  \\$a(DNAL)802908-naldb-Voyager
=035  \\$z(OCoLC)153680229
=040  \\$aAGL$beng$cAGL$dOCLCQ$dMTG$dOCLCF$dOCLCQ$dOCLCA$dAGM$dAGL
=043  \\$an-usp--$an-cn-bc
=049  \\$aAGLL
=050  \0$aSD397.W45$bB47 1958
=070  0\$aaQK478.S58$bno.3
=070  0\$aA99.9$bF7625S no. 3 1958
=072  \0$aK100
=086  0\$aA 13.66/11:3
=100  1\$aBerntsen, Carl M.$0http://id.loc.gov/authorities/names/n83188995
=245  10$aSilvical characteristics of Western hemlock /$cby Carl M. Berntsen.
=260  \\$aPortland, Or. :$bPacific Northwest Forest and Range Experiment Station, U.S. Dept. of Agriculture, Forest Service,$c[1958]
=300  \\$a16 pages :$bmap ;$c27 cm.
=336  \\$atext$btxt$2rdacontent
=337  \\$aunmediated$bn$2rdamedia
=338  \\$avolume$bnc$2rdacarrier
=490  1\$aSilvical series / Pacific Northwest Forest and Range Experiment Station ;$vno. 3
=504  \\$aIncludes bibliographical references (pages 14-16).
=591  \\$bNAL Reclamation
=593  \\$fAgricola CAT
=610  14$aPacific Northwest Forest and Range Experiment Station (U.S.).
=650  \0$aWestern hemlock$zNorthwest, Pacific.
=650  \3$aTsuga heterophylla.
=650  \3$asilviculture.
=651  \7$aPacific Northwest.$2fast$0(OCoLC)fst01242543
=655  \3$aInternet resource.
=710  2\$aPacific Northwest Forest and Range Experiment Station (Portland, Or.)$0http://id.loc.gov/authorities/names/n80126131
=776  08$iOnline version:$aBerntsen, Carl M.$tSilvical characteristics of Western hemlock.$dPortland, Or. : Pacific Northwest Forest and Range Experiment Station, U.S. Dept. of Agriculture, Forest Service, [1958]$w(OCoLC)903292976
=830  \0$aSilvical series (Pacific Northwest Forest and Range Experiment Station (Portland, Or.)) ;$vno. 3.
=856  41$uhttps://archive.org/details/silvicalcharacte03bern
=912  \\$analcatalog
=930  \\$a20140702$b20140807$c00000000
=939  \\$a20130508$b20130607$c00000000
=939  \\$a19990702$b19990709$c00000000
=939  \\$a19971102$b19971106$c00000000
=939  \\$a19990611$b00000000$c00000000
=945  \\$dRLG$e97/10/20$fSES$g97/10/21$n1
=945  \\$p24
=945  \\$aDigiMet
=945  \\$aDigiMet
=946  \\$aUSDA
=958  \\$aresource$be$c2013-05-08$dn$embonet$hrecon
=994  \\$a92$bAGL

