=LDR  02159cam a2200565Ia 4500
=001  9915511783707426
=005  20240620203149.0
=007  he\bmb024bbca
=008  971202s1995\\\\utua\\\\bb\\\f000\0\eng\d
=016  7\$aCAT10838157$2DNAL
=035  \\$a802210
=035  \\$a(OCoLC)37691575
=035  \\$a(DNAL)802210-naldb-Voyager
=040  \\$aGPO$beng$cGPO$dOCLCG$dOSU$dOCLCQ$dOCLCO$dOCLCQ$dOCLCF$dUOK$dOCLCA$dAGL
=043  \\$an-us-ut
=049  \\$aAGLL
=050  10$aSD11$b.I53532
=070  0\$aFiche$bS-133 (A 13.78:INT-RP-485 )
=072  \0$aL300
=074  \\$a0083-B (MF)
=086  0\$aA 13.78:INT-RP-485
=100  1\$aWelch, Bruce L.$q(Bruce Leigh),$d1943-$0http://id.loc.gov/authorities/names/n82042034
=245  10$aStrutting sounds and strutting posturing of two Utah sage grouse populations /$cBruce L. Welch, Charles Lynn Cox, Troy K. Sales.
=260  \\$aOgden, UT (324 25th St., Odgen 84401) :$bU.S. Dept. of Agriculture, Forest Service, Intermountain Research Station,$c[1995]
=300  \\$a8 pages :$billustrations ;$c28 cm.
=336  \\$atext$btxt$2rdacontent
=337  \\$amicroform$bh$2rdamedia
=338  \\$amicrofiche$bhe$2rdacarrier
=490  1\$aResearch paper INT ;$vRP-485
=504  \\$aIncludes bibliographical references (pages 7-8).
=533  \\$aMicrofiche.$b[Washington, D.C.?] :$cSupt. of Docs., U.S. G.P.O.,$d[1997].$e1 microfiche : negative.
=591  \\$bNAL Reclamation
=593  \\$fAgricola CAT
=650  \0$aSage grouse$xBehavior$zUtah.
=650  \0$aSage grouse$xVocalization$zUtah.
=650  \0$aDisplay behavior in animals$zUtah.
=651  \7$aUtah.$2fast$0(OCoLC)fst01204563
=655  \3$aInternet resource.
=700  1\$aCox, Charles Lynn.
=700  1\$aSales, Troy K.
=710  2\$aIntermountain Research Station (Ogden, Utah)$0http://id.loc.gov/authorities/names/n85066590
=830  \0$aResearch paper INT ;$v485.
=856  41$uhttps://archive.org/details/struttingsoundss485welc
=912  \\$analcatalog
=930  \\$a20140305$b20140404$c00000000
=939  \\$a19980101$b19980107$c00000000
=945  \\$aDigiMet
=945  \\$p16
=946  \\$aOther US
=994  \\$a92$bAGL

