=LDR  02088cam a2200565 a 4500
=001  9915511784007426
=005  20240624191605.0
=008  980212s1996\\\\orua\\\\\b\\\f000\0\eng\d
=016  7\$aCAT10841756$2DNAL
=035  \\$90841-75660
=035  \\$a802213
=035  \\$a(DNAL)802213-naldb-Voyager
=040  \\$aGPO$cGPO$dDLC$dMvI$dAGL
=043  \\$an-us-or
=049  \\$aAGLL
=070  0\$aA99.9$bF7625Uni no. 496
=072  \0$aM300
=100  1\$aMeehan, William R.
=245  10$aInfluence of riparian canopy on macroinvertebrate composition and food habits of juvenile salmonids in several Oregon streams /$cWilliam R. Meehan.
=260  \\$aPortland, Or. (333 S.W. First Ave., Portland 97208-3890) :$bU.S. Dept. of Agriculture, Forest Service, Pacific Northwest Research Station,$c[1996]
=300  \\$a14 pages :$billustrations ;$c28 cm.
=336  \\$atext$btxt$2rdacontent
=337  \\$aunmediated$bn$2rdamedia
=338  \\$avolume$bnc$2rdacarrier
=490  1\$aResearch paper PNW ;$vRP-496
=500  \\$aCover title.
=500  \\$aDistributed to depository libraries in microfiche.
=500  \\$aShipping list no.: 97-0832-M.
=500  \\$a"September 1996."
=504  \\$aIncludes bibliographical references (pages 13-14).
=530  \\$aLibrary also holds microfiche (NAL call no. : Fiche$bS-133 (A 13.78:PNW-RP-496 )
=530  \\$aAlso available on the Internet.
=593  \\$fAgricola CAT
=650  \0$aPacific salmon$zOregon$xFoods.
=650  \0$aRiparian ecology$zOregon.
=650  \0$aRivers$zOregon.
=655  \3$aInternet resource$2DNAL
=710  2\$aPacific Northwest Research Station (Portland, Or.)
=830  \0$aResearch paper PNW ;$v496.
=856  41$uhttp://www.fs.fed.us/pnw/pubs/rp%5F496.pdf
=856  41$uhttps://archive.org/details/CAT10841756
=912  \\$analcatalog
=930  \\$a20210608$b00000000$c00000000
=939  \\$a20040730$b20040804$c00000000
=945  \\$dssalt$e2004/7/18
=945  \\$p28
=945  \\$aDigiMet
=946  \\$aUSDA
=959  \\$c2014-10-03$essouder$gurl
=959  \\$c2021-06-08$earojas$gupgrade

