=LDR  02542cam a2200601Ia 4500
=001  9915511790507426
=005  20240624191612.0
=008  971021s1958\\\\oruab\\\\b\\\f000\0\eng\\
=016  7\$aCAT10836010$2DNAL
=019  \\$a153680219
=035  \\$a802906
=035  \\$a(OCoLC)37793385$z(OCoLC)153680219
=035  \\$a(DNAL)802906-naldb-Voyager
=035  \\$z(OCoLC)153680219
=040  \\$aAGL$beng$cAGL$dOCLCQ$dMTG$dOCLCF$dOCLCQ$dOSO$dOCLCA$dAGM$dAGL
=043  \\$an-usp--$an-cn-bc
=049  \\$aAGLL
=070  0\$aA99.9$bF7625S no. 2 1958
=072  \0$aK100
=086  0\$aA 13.66/11:2
=100  1\$aStein, William I.$0http://id.loc.gov/authorities/names/n82084040
=245  10$aSilvical characteristics of California-laurel /$cby William I. Stein.
=260  \\$aPortland, Or. :$bPacific Northwest Forest and Range Experiment Station, U.S. Dept. of Agriculture, Forest Service,$c[1958]
=300  \\$a16 pages :$billustrations, map ;$c27 cm.
=336  \\$atext$btxt$2rdacontent
=337  \\$aunmediated$bn$2rdamedia
=338  \\$avolume$bnc$2rdacarrier
=490  1\$aSilvical series / Pacific Northwest Forest and Range Experiment Station ;$vno. 2
=504  \\$aIncludes bibliographical references (pages 13-16).
=591  \\$bNAL Reclamation
=593  \\$fAgricola CAT
=650  \0$aUmbellularia californica$zNorthwest, Pacific.
=650  \3$aUmbellularia californica.
=651  \7$aPacific Northwest.$2fast$0(OCoLC)fst01242543
=655  \3$aInternet resource.
=710  2\$aPacific Northwest Forest and Range Experiment Station (Portland, Or.)$0http://id.loc.gov/authorities/names/n80126131
=776  08$iOnline version:$aStein, William I.$tSilvical characteristics of California-laurel.$dPortland, Or. : Pacific Northwest Forest and Range Experiment Station, U.S. Dept. of Agriculture, Forest Service, [1958]$w(OCoLC)624733687
=830  \0$aSilvical series (Pacific Northwest Forest and Range Experiment Station (Portland, Or.)) ;$vno. 2.
=856  41$uhttps://archive.org/details/silvicalcharacte02stei
=912  \\$analcatalog
=930  \\$a20140702$b20140807$c00000000
=939  \\$a20130508$b20130607$c00000000
=939  \\$a20130429$b20130503$c00000000
=939  \\$a19990702$b19990709$c00000000
=939  \\$a19971102$b19971106$c00000000
=939  \\$a19990611$b00000000$c00000000
=945  \\$dRLG$e97/10/16$fSES$g97/10/21$n1
=945  \\$p24
=945  \\$aDigiMet
=945  \\$aDigiMet
=946  \\$aUSDA
=958  \\$aresource$be$c2013-05-08$dn$embonet$hrecon
=994  \\$a92$bAGL

