=LDR  02579cam a2200661Ia 4500
=001  9915511810607426
=005  20240624191610.0
=007  he\bmb024bbca
=008  980224s1996\\\\mnuab\\\bs\\\f000\0\eng\d
=016  7\$aCAT10842580$2DNAL
=019  \\$a1225809883
=035  \\$a802954
=035  \\$a(OCoLC)37815279$z(OCoLC)1225809883
=035  \\$a(DNAL)802954-naldb-Voyager
=035  \\$z(OCoLC)1225809883
=040  \\$aGPO$beng$cGPO$dOCL$dOCLCQ$dAGL$dCZL$dOCLCQ$dOCLCA$dOCLCF$dOCLCQ$dOCLCA$dRIU$dGILDS$dOCLCO$dTKN$dUMK$dAKP
=043  \\$an-us-ks
=049  \\$aAGLL
=050  \0$aSD11.E26$bR5 no.169
=070  0\$aFiche$bS-133 (A 13.80:NC-169 )
=072  \0$aX700
=074  \\$a0083-B-05 (MF)
=086  0\$aA 13.80:NC-169
=100  1\$aMay, Dennis M.
=245  10$aResidential fuelwood consumption and production in Kansas, 1994 /$cDennis M. May.
=260  \\$aSt. Paul, Minn. (1992 Folwell Ave., St. Paul 55108) :$bU.S. Dept. of Agriculture, Forest Service, North Central Forest Experiment Station,$c1996.
=300  \\$a25 pages :$billustrations, maps ;$c28 cm.
=336  \\$atext$btxt$2rdacontent
=337  \\$amicroform$bh$2rdamedia
=338  \\$amicrofiche$bhe$2rdacarrier
=490  1\$aResource bulletin NC ;$v169
=530  \\$aAlso available on the Internet.
=533  \\$aMicrofiche.$b[Washington, D.C.?] :$cSupt. of Docs., U.S. G.P.O.,$d1997.$e1 microfiche : negative.
=591  \\$bNAL Reclamation
=593  \\$fAgricola CAT
=650  \0$aFuelwood consumption$zKansas$vStatistics.
=650  \0$aFuelwood industry$zKansas$vStatistics.
=651  \7$aKansas.$2fast$0(OCoLC)fst01204323
=655  \0$aGovernment publications$zUnited States.
=655  \7$aStatistics.$2fast$0(OCoLC)fst01423727
=655  \7$aStatistics.$2lcgft$0http://id.loc.gov/authorities/genreForms/gf2014026181
=710  2\$aNorth Central Forest Experiment Station (Saint Paul, Minn.)$0http://id.loc.gov/authorities/names/n80044737
=776  1\$cOriginal$w(DLC)   96155562
=830  \0$aResource bulletin NC ;$v169.
=856  41$uhttp://www.nrs.fs.fed.us/pubs/rb/rb%5Fnc169.pdf
=856  41$uhttps://archive.org/details/residentialfuelw169mayd
=912  \\$analcatalog
=930  \\$a20210608$b00000000$c00000000
=939  \\$a20140702$b20140807$c00000000
=939  \\$a20130604$b20130705$c00000000
=939  \\$a20040803$b20040901$c00000000
=939  \\$a19980401$b19980408$c00000000
=945  \\$aDigiMet
=945  \\$p36
=946  \\$aOther US
=959  \\$c2013-06-04$essouder$gurlc
=959  \\$c2021-06-08$earojas$gupgrade
=994  \\$a92$bAGL

