=LDR  01656cas a22006252  4500
=001  9915511819307426
=005  20240624191609.0
=008  001010d19uu19uuxxuuu\\\\\\\\f0\\\\1eng\d
=016  7\$aCAT11084734$2DNAL
=035  \\$91084-73460
=035  \\$a848834
=035  \\$a(DNAL)848834-naldb-Voyager
=040  \\$aAGL$dAGL
=049  \\$aRQIC
=070  0\$a1.9$bIn3Fa
=110  1\$aUnited States.$bDepartment of Agriculture.$bRadio Service.
=245  10$aU.S. radio farm forum.
=246  1\$aFarm forum
=362  1\$aCeased.
=500  \\$aNAL holdings: Oct. 2, 1928-
=588  \\$aDescription based on: Oct. 1, 1928; title from caption.
=588  \\$aLatest issue consulted: Apr. 26, 1929.
=593  \\$fAgricola CAT
=650  \0$aAgriculture$zUnited States$vPeriodicals.
=650  \0$aFarmers$zUnited States$vPeriodicals.
=650  \0$aRadio scripts$zUnited States$vPeriodicals.
=655  \3$aInternet resource
=856  41$uhttps://archive.org/details/usda-usdaradioservice
=912  \\$analcatalog
=930  \\$a20140207$b20140307$c00000000
=939  \\$a20131022$b20131101$c00000000
=945  \\$aDigiMet
=945  \\$vpt. 1
=945  \\$p212
=945  \\$aDigiMet
=945  \\$vpt. 2
=945  \\$p252
=945  \\$aDigiMet
=945  \\$vpt. 3
=945  \\$p206
=945  \\$aDigiMet
=945  \\$vpt. 4
=945  \\$p190
=945  \\$aDigiMet
=945  \\$vpt. 5
=945  \\$p192
=945  \\$aDigiMet
=945  \\$vpt. 6
=945  \\$p192
=945  \\$aDigiMet
=945  \\$vpt. 7
=945  \\$p190
=946  \\$aUSDA
=959  \\$c2013-04-02$essouder$gap
=959  \\$c2013-10-22$ergallett$gaccadd

