=LDR  07991cas a2204105M  4500
=001  9915511828807426
=005  20240624191613.0
=008  001010d192919uudcuuu\\\\\\\\f0\\\\0eng\d
=016  7\$aCAT11085017$2DNAL
=035  \\$a848858
=035  \\$a(OCoLC)1289149217
=035  \\$a(DNAL)848858-naldb-Voyager
=040  \\$aAGL$beng$cAGL
=049  \\$aRQIC
=070  0\$a1.9$bIn33M
=110  1\$aUnited States.$bDepartment of Agriculture.$bOffice of Information.
=245  10$aOffice of information memorandum.
=246  1\$iAt head of title:$aUnited States Department of agriculture. Director of information ...
=260  \\$a[Washington.
=300  \\$anos.
=310  \\$aIrregular
=362  1\$aCeased.
=362  0\$aNo. 1-89, April 8, 1929-Aug. 1947.
=591  \\$bNAL Reclamation
=593  \\$fAgricola CAT
=610  10$aUnited States.$bDepartment of Agriculture.$bOffice of Information
=650  \0$aAgriculture$zUnited States.
=655  \3$aInternet resource.
=856  41$uhttps://archive.org/details/usda-officeofinformationmemorandum
=912  \\$analcatalog
=930  \\$a20140812$b20140905$c00000000
=939  \\$a20140310$b20140404$c00000000
=945  \\$aDigiMet
=945  \\$vpt. 1
=945  \\$p8
=945  \\$aDigiMet
=945  \\$vpt. 2
=945  \\$p12
=945  \\$aDigiMet
=945  \\$vpt. 3
=945  \\$p6
=945  \\$aDigiMet
=945  \\$vpt. 4
=945  \\$p8
=945  \\$aDigiMet
=945  \\$vpt. 5
=945  \\$p6
=945  \\$aDigiMet
=945  \\$vpt. 6
=945  \\$p8
=945  \\$aDigiMet
=945  \\$vpt. 7
=945  \\$p6
=945  \\$aDigiMet
=945  \\$vpt. 8
=945  \\$p6
=945  \\$aDigiMet
=945  \\$vpt. 9
=945  \\$p8
=945  \\$aDigiMet
=945  \\$vpt. 10
=945  \\$p8
=945  \\$aDigiMet
=945  \\$vpt. 11
=945  \\$p6
=945  \\$aDigiMet
=945  \\$vpt. 12
=945  \\$p6
=945  \\$aDigiMet
=945  \\$vpt. 13
=945  \\$p6
=945  \\$aDigiMet
=945  \\$vpt. 14
=945  \\$p6
=945  \\$aDigiMet
=945  \\$vpt. 15
=945  \\$p6
=945  \\$aDigiMet
=945  \\$vpt. 16
=945  \\$p6
=945  \\$aDigiMet
=945  \\$vpt. 17
=945  \\$p6
=945  \\$aDigiMet
=945  \\$vpt. 18
=945  \\$p8
=945  \\$aDigiMet
=945  \\$vpt. 19
=945  \\$p26
=945  \\$aDigiMet
=945  \\$vpt. 20
=945  \\$p12
=945  \\$aDigiMet
=945  \\$vpt. 21
=945  \\$p14
=945  \\$aDigiMet
=945  \\$vpt. 22
=945  \\$p8
=945  \\$aDigiMet
=945  \\$vpt. 23
=945  \\$p10
=945  \\$aDigiMet
=945  \\$vpt. 24
=945  \\$p6
=945  \\$aDigiMet
=945  \\$vpt. 25
=945  \\$p6
=945  \\$aDigiMet
=945  \\$vpt. 26
=945  \\$p8
=945  \\$aDigiMet
=945  \\$vpt. 27
=945  \\$p6
=945  \\$aDigiMet
=945  \\$vpt. 28
=945  \\$p8
=945  \\$aDigiMet
=945  \\$vpt. 29
=945  \\$p6
=945  \\$aDigiMet
=945  \\$vpt. 30
=945  \\$p6
=945  \\$aDigiMet
=945  \\$vpt. 31
=945  \\$p26
=945  \\$aDigiMet
=945  \\$vpt. 32
=945  \\$p6
=945  \\$aDigiMet
=945  \\$vpt. 33
=945  \\$p6
=945  \\$aDigiMet
=945  \\$vpt. 34
=945  \\$p6
=945  \\$aDigiMet
=945  \\$vpt. 35
=945  \\$p6
=945  \\$aDigiMet
=945  \\$vpt. 36
=945  \\$p6
=945  \\$aDigiMet
=945  \\$vpt. 37
=945  \\$p6
=945  \\$aDigiMet
=945  \\$vpt. 38
=945  \\$p8
=945  \\$aDigiMet
=945  \\$vpt. 39
=945  \\$p16
=945  \\$aDigiMet
=945  \\$vpt. 40
=945  \\$p6
=945  \\$aDigiMet
=945  \\$vpt. 41
=945  \\$p8
=945  \\$aDigiMet
=945  \\$vpt. 42
=945  \\$p10
=945  \\$aDigiMet
=945  \\$vpt. 43
=945  \\$p6
=945  \\$aDigiMet
=945  \\$vpt. 44
=945  \\$p6
=945  \\$aDigiMet
=945  \\$vpt. 45
=945  \\$p6
=945  \\$aDigiMet
=945  \\$vpt. 46
=945  \\$p6
=945  \\$aDigiMet
=945  \\$vpt. 47
=945  \\$p8
=945  \\$aDigiMet
=945  \\$vpt. 48
=945  \\$p6
=945  \\$aDigiMet
=945  \\$vpt. 49
=945  \\$p6
=945  \\$aDigiMet
=945  \\$vpt. 50
=945  \\$p6
=945  \\$aDigiMet
=945  \\$vpt. 51
=945  \\$p8
=945  \\$aDigiMet
=945  \\$vpt. 52
=945  \\$p16
=945  \\$aDigiMet
=945  \\$vpt. 53
=945  \\$p10
=945  \\$aDigiMet
=945  \\$vpt. 54
=945  \\$p6
=945  \\$aDigiMet
=945  \\$vpt. 55
=945  \\$p6
=945  \\$aDigiMet
=945  \\$vpt. 56
=945  \\$p6
=945  \\$aDigiMet
=945  \\$vpt. 57
=945  \\$p6
=945  \\$aDigiMet
=945  \\$vpt. 58
=945  \\$p6
=945  \\$aDigiMet
=945  \\$vpt. 59
=945  \\$p14
=945  \\$aDigiMet
=945  \\$vpt. 60
=945  \\$p16
=945  \\$aDigiMet
=945  \\$vpt. 61
=945  \\$p6
=945  \\$aDigiMet
=945  \\$vpt. 62
=945  \\$p8
=945  \\$aDigiMet
=945  \\$vpt. 63
=945  \\$p6
=945  \\$aDigiMet
=945  \\$vpt. 64
=945  \\$p6
=945  \\$aDigiMet
=945  \\$vpt. 65
=945  \\$p6
=945  \\$aDigiMet
=945  \\$vpt. 66
=945  \\$p6
=945  \\$aDigiMet
=945  \\$vpt. 67
=945  \\$p14
=945  \\$aDigiMet
=945  \\$vpt. 68
=945  \\$p8
=945  \\$aDigiMet
=945  \\$vpt. 69
=945  \\$p6
=945  \\$aDigiMet
=945  \\$vpt. 70
=945  \\$p6
=945  \\$aDigiMet
=945  \\$vpt. 71
=945  \\$p6
=945  \\$aDigiMet
=945  \\$vpt. 72
=945  \\$p8
=945  \\$aDigiMet
=945  \\$vpt. 73
=945  \\$p14
=945  \\$aDigiMet
=945  \\$vpt. 74
=945  \\$p6
=945  \\$aDigiMet
=945  \\$vpt. 75
=945  \\$p8
=945  \\$aDigiMet
=945  \\$vpt. 76
=945  \\$p6
=945  \\$aDigiMet
=945  \\$vpt. 77
=945  \\$p8
=945  \\$aDigiMet
=945  \\$vpt. 78
=945  \\$p6
=945  \\$aDigiMet
=945  \\$vpt. 79
=945  \\$p8
=945  \\$aDigiMet
=945  \\$vpt. 80
=945  \\$p6
=945  \\$aDigiMet
=945  \\$vpt. 81
=945  \\$p6
=945  \\$aDigiMet
=945  \\$vpt. 82
=945  \\$p6
=945  \\$aDigiMet
=945  \\$vpt. 83
=945  \\$p6
=945  \\$aDigiMet
=945  \\$vpt. 84
=945  \\$p6
=945  \\$aDigiMet
=945  \\$vpt. 85
=945  \\$p6
=945  \\$aDigiMet
=945  \\$vpt. 86
=945  \\$p8
=945  \\$aDigiMet
=945  \\$vpt. 87
=945  \\$p8
=945  \\$aDigiMet
=945  \\$vpt. 88
=945  \\$p6
=945  \\$aDigiMet
=945  \\$vpt. 89
=945  \\$p6
=945  \\$aDigiMet
=945  \\$vpt. 90
=945  \\$p6
=945  \\$aDigiMet
=945  \\$vpt. 91
=945  \\$p6
=945  \\$aDigiMet
=945  \\$vpt. 92
=945  \\$p12
=945  \\$aDigiMet
=945  \\$vpt. 93
=945  \\$p6
=945  \\$aDigiMet
=945  \\$vpt. 94
=945  \\$p6
=945  \\$aDigiMet
=945  \\$vpt. 95
=945  \\$p6
=945  \\$aDigiMet
=945  \\$vpt. 96
=945  \\$p6
=945  \\$aDigiMet
=945  \\$vpt. 97
=945  \\$p6
=945  \\$aDigiMet
=945  \\$vpt. 98
=945  \\$p6
=945  \\$aDigiMet
=945  \\$vpt. 99
=945  \\$p8
=945  \\$aDigiMet
=945  \\$vpt. 100
=945  \\$p6
=945  \\$aDigiMet
=945  \\$vpt. 101
=945  \\$p8
=945  \\$aDigiMet
=945  \\$vpt. 102
=945  \\$p8
=945  \\$aDigiMet
=945  \\$vpt. 103
=945  \\$p6
=946  \\$aUSDA
=959  \\$c2013-04-02$essouder$gap
=959  \\$c2014-03-10$ejgilbert$gsubjadd
=994  \\$a92$bAGL

