=LDR  02764cas a2201309M  4500
=001  9915511832507426
=005  20240624191613.0
=008  001010d19uu19uudcuuu\\\\\\\\f0\\\\1eng\d
=016  7\$aCAT11084980$2DNAL
=035  \\$a848855
=035  \\$a(OCoLC)1288988916
=035  \\$a(DNAL)848855-naldb-Voyager
=040  \\$aAGL$beng$cAGL
=049  \\$aRQIC
=070  0\$a1.9$bIn3Naf
=110  1\$aUnited States.$bDepartment of Agriculture.$bRadio Service.
=245  10$aNational 4-H club radio program [Continuity].
=260  \\$a[Washington?]
=362  1\$aCeased.
=591  \\$bNAL Reclamation
=593  \\$fAgricola CAT
=650  \0$a4-H clubs$vPeriodicals.
=655  \3$aInternet resource.
=856  41$uhttps://archive.org/details/usda-usdaradioservice
=912  \\$analcatalog
=930  \\$a20140702$b20140807$c00000000
=939  \\$a20140207$b20140307$c00000000
=945  \\$aDigiMet
=945  \\$vpt. 1
=945  \\$p20
=945  \\$aDigiMet
=945  \\$vpt. 2
=945  \\$p12
=945  \\$aDigiMet
=945  \\$vpt. 3
=945  \\$p20
=945  \\$aDigiMet
=945  \\$vpt. 4
=945  \\$p18
=945  \\$aDigiMet
=945  \\$vpt. 5
=945  \\$p22
=945  \\$aDigiMet
=945  \\$vpt. 6
=945  \\$p18
=945  \\$aDigiMet
=945  \\$vpt. 7
=945  \\$p22
=945  \\$aDigiMet
=945  \\$vpt. 8
=945  \\$p14
=945  \\$aDigiMet
=945  \\$vpt. 9
=945  \\$p18
=945  \\$aDigiMet
=945  \\$vpt. 10
=945  \\$p18
=945  \\$aDigiMet
=945  \\$vpt. 11
=945  \\$p20
=945  \\$aDigiMet
=945  \\$vpt. 12
=945  \\$p20
=945  \\$aDigiMet
=945  \\$vpt. 13
=945  \\$p12
=945  \\$aDigiMet
=945  \\$vpt. 14
=945  \\$p20
=945  \\$aDigiMet
=945  \\$vpt. 15
=945  \\$p22
=945  \\$aDigiMet
=945  \\$vpt. 16
=945  \\$p22
=945  \\$aDigiMet
=945  \\$vpt. 17
=945  \\$p22
=945  \\$aDigiMet
=945  \\$vpt. 18
=945  \\$p18
=945  \\$aDigiMet
=945  \\$vpt. 19
=945  \\$p18
=945  \\$aDigiMet
=945  \\$vpt. 20
=945  \\$p16
=945  \\$aDigiMet
=945  \\$vpt. 21
=945  \\$p18
=945  \\$aDigiMet
=945  \\$vpt. 22
=945  \\$p20
=945  \\$aDigiMet
=945  \\$vpt. 23
=945  \\$p14
=945  \\$aDigiMet
=945  \\$vpt. 24
=945  \\$p18
=945  \\$aDigiMet
=945  \\$vpt. 25
=945  \\$p26
=945  \\$aDigiMet
=945  \\$vpt. 26
=945  \\$p22
=945  \\$aDigiMet
=945  \\$vpt. 27
=945  \\$p24
=946  \\$aUSDA
=959  \\$c2013-04-02$essouder$gap
=959  \\$c2014-02-07$edcollins$gsubjadd
=994  \\$a92$bAGL

