=LDR  02335cam a2200577Ii 4500
=001  9915513246307426
=005  20240624192558.0
=008  960628s1941\\\\dcu\\\\\\b\\\f000\0\eng\c
=010  \\$aagr45000206 
=016  7\$aCAT10750813$2DNAL
=035  \\$a780434
=035  \\$a(OCoLC)03789604
=035  \\$a(DNAL)780434-naldb-Voyager
=040  \\$aU.S. Dept. of agr. Library$beng$cPAU$dAGL$dIUL$dOCLCQ$dOCLCG$dUPM$dFUG$dOCLCF$dOCLCQ$dOCLCO$dOKS$dOCLCA$dPAU$dOCLCQ$dOCL
=043  \\$acl-----
=049  \\$aAGLL
=050  \0$aHD1751$b.A9145 no.1
=070  0\$a1.90$bA2Ag8
=072  \0$aX800
=086  0\$aA 36.133:1
=100  1\$aRasmussen, Wayne D.$q(Wayne David),$d1915-2004.$0http://id.loc.gov/authorities/names/n80004027
=245  10$aSome general histories of Latin America /$cby Wayne D. Rasmussen.
=260  \\$a[Washington] :$bUnited States Department of Agriculture,$c[1941]
=300  \\$a7 pages ;$c27 cm.
=336  \\$atext$btxt$2rdacontent
=337  \\$aunmediated$bn$2rdamedia
=338  \\$avolume$bnc$2rdacarrier
=490  1\$aUnited States. Bureau of Agricultural Economics. Agricultural history series ;$vno. 1
=504  \\$aIncludes bibliographical references (pages 5-7).
=591  \\$bNAL Reclamation
=593  \\$fAgricola CAT
=651  \0$aLatin America$xHistory$vBibliography.
=651  \7$aLatin America.$2fast$0(OCoLC)fst01245945
=655  \3$aInternet resource.
=655  \7$aBibliographies.$2fast$0(OCoLC)fst01919895
=655  \7$aHistory.$2fast$0(OCoLC)fst01411628
=710  1\$aUnited States.$bBureau of Agricultural Economics.$0http://id.loc.gov/authorities/names/n80060900
=710  1\$aUnited States.$bDepartment of Agriculture.
=776  08$iOnline version:$aRasmussen, Wayne D. (Wayne David), 1915-2004.$tSome general histories of Latin America.$d[Washington] : United States Department of Agriculture, [1941]$w(OCoLC)1086387259
=830  \0$aAgricultural history series ;$vno. 1.
=856  41$uhttps://archive.org/details/somegeneralhisto01rasm
=912  \\$analcatalog
=930  \\$a20140305$b00000000$c00000000
=939  \\$a20100421$b20100501$c00000000
=939  \\$a19960709$b19960712$c00000000
=945  \\$dAR$e96/06/28$fAR$g96/06/28
=945  \\$p18
=945  \\$aDigiMet
=946  \\$aOther US
=959  \\$c2010-04-21$edcollins$gap
=994  \\$a92$bAGL

