=LDR  02138cam a2200517Ia 4500
=001  9915515494807426
=005  20240620101030.0
=008  020705s2002\\\\mdua\\\\\b\\\f000\0\eng\\
=016  7\$aCAT11120418$2DNAL
=035  \\$a887270
=035  \\$a(OCoLC)50067362
=035  \\$a(DNAL)887270-naldb-Voyager
=040  \\$aAGL$beng$cAGL$dOCLCQ$dOCLCO$dOCLCF$dOCLCA$dAGL
=043  \\$an-us---
=049  \\$aAGLL
=070  0\$a1$bAg84M no. 1585
=072  \0$aP000
=245  00$aInnovative solutions to human-wildlife conflicts :$bNational Wildlife Research Center accomplishments 2001.
=246  30$aNational Wildlife Research Center accomplishments 2001
=260  \\$a[Riverdale, Md.?] :$bU.S. Dept. of Agriculture, Animal and Plant Health Inspection Service,$c[2002]
=300  \\$aii, 61 pages :$billustrations ;$c28 cm.
=336  \\$atext$btxt$2rdacontent
=337  \\$aunmediated$bn$2rdamedia
=338  \\$avolume$bnc$2rdacarrier
=490  1\$aMiscellaneous publication ;$vno. 1585
=504  \\$aIncludes bibliographical references (pages 58-61).
=530  \\$aLibrary also holds microfiche. Washington, DC : Supt. of Docs., U.S. G.P.O., 2001. 1 microfiche : negative. (NAL call no.: Fiche S-133 (A 101.2:IN 6))
=591  \\$bNAL Reclamation
=593  \\$fAgricola CAT
=610  20$aNational Wildlife Research Center (U.S.)$0http://id.loc.gov/authorities/names/no98115031
=610  27$aNational Wildlife Research Center (U.S.)$2fast$0(OCoLC)fst00742257
=650  \0$aWildlife research$zUnited States.
=651  \7$aUnited States.$2fast$0(OCoLC)fst01204155
=655  \3$aInternet resource.
=710  1\$aUnited States.$bAnimal and Plant Health Inspection Service.
=830  \0$aMiscellaneous publication (United States. Department of Agriculture) ;$vno. 1585.
=856  41$uhttps://archive.org/details/innovativesoluti1585unit
=912  \\$analcatalog
=930  \\$a20140305$b20140404$c00000000
=939  \\$a20060512$b20060607$c00000000
=939  \\$a20020801$b20020807$c00000000
=945  \\$dVS$e2002/07/03$fVS$g2002/07/05$n1
=945  \\$p72
=945  \\$aDigiMet
=946  \\$aUSDA
=994  \\$a92$bAGL

