=LDR  01689cam a2200481Ia 4500
=001  9915516075607426
=005  20240624195015.0
=008  020921s2002\\\\dcua\\\\\\\\\f000\0\eng\\
=016  7\$aCAT11123543$2DNAL
=035  \\$a890399
=035  \\$a(OCoLC)50628181
=035  \\$a(DNAL)890399-naldb-Voyager
=040  \\$aAGL$beng$cAGL$dOCLCQ$dOCLCO$dOCLCA$dOCLCF$dOCLCA$dAGL
=043  \\$an-us---
=049  \\$aAGLL
=070  0\$a1$bAg84M no. 1586
=072  \0$aX200
=245  00$aE-file :$btechnology to better serve America.
=260  \\$a[Washington, D.C.?] :$bU.S. Dept. of Agriculture,$c[2002]
=300  \\$a1 folded sheet (8 pages) :$bcolor illustrations ;$c22 x 10 cm.
=336  \\$atext$btxt$2rdacontent
=337  \\$aunmediated$bn$2rdamedia
=338  \\$asheet$bnb$2rdacarrier
=490  1\$aMP ;$v1586
=591  \\$bNAL Reclamation
=593  \\$fAgricola CAT
=610  10$aUnited States.$bDepartment of Agriculture$xData processing.
=610  17$aUnited States.$bDepartment of Agriculture$2fast$0(OCoLC)fst01852329
=650  \0$aElectronic filing systems$zUnited States.
=651  \7$aUnited States.$2fast$0(OCoLC)fst01204155
=655  \3$aInternet resource.
=710  1\$aUnited States.$bDepartment of Agriculture.
=830  \0$aMiscellaneous publication (United States. Department of Agriculture) ;$vno. 1586.
=856  41$uhttps://archive.org/details/efiletechnologyt1586unit
=912  \\$analcatalog
=930  \\$a20140305$b20140404$c00000000
=939  \\$a20021002$b20021010$c00000000
=945  \\$dDF$e2002/09/18$fJR$g2002/09/21$n1
=945  \\$p18
=945  \\$aDigiMet
=946  \\$aUSDA
=959  \\$c2013-04-02$essouder$gap
=994  \\$a92$bAGL

