=LDR  02780cam a2200541Ia 4500
=001  9915516164407426
=005  20240620102712.0
=008  890419s1943\\\\dcua\\\\\\\\\f000\0\eng\d
=016  7\$aCAT10307868$2DNAL
=019  \\$a801036043
=035  \\$a347799
=035  \\$a(OCoLC)15669918$z(OCoLC)801036043
=035  \\$a(DNAL)347799-naldb-Voyager
=035  \\$z(OCoLC)801036043
=040  \\$aRQF$beng$cRQF$dAGL$dIUL$dOCLCQ$dLHL$dOCLCF$dOCLCO$dNOC$dOCLCA$dSFR$dXFF$dOCLCO
=043  \\$an-us---
=049  \\$aAGLY
=050  \0$aS21$b.A46 no.534
=070  0\$a1$bAg84M no.534
=072  \0$aQ104
=086  0\$aA 1.38:534
=100  1\$aDrown, Marion Julia,$eauthor.$0http://id.loc.gov/authorities/names/no2021054592
=245  10$aSoybeans and soybean products as food /$c[by Marion Julia Drown].
=260  \\$aWashington, D.C. :$bU.S. Dept. of Agriculture,$c1943.
=300  \\$a14 pages :$billustrations ;$c23 cm.
=336  \\$atext$btxt$2rdacontent
=337  \\$aunmediated$bn$2rdamedia
=338  \\$avolume$bnc$2rdacarrier
=490  1\$aMiscellaneous publication / United States Department of Agriculture ;$vno. 534
=505  0\$aNutritive values of soybeans. pp. 1 -- Recent increase in soybean production. pp. 2 -- Soybean products. pp. 3 -- Soybeans as a green or dried vegetable. pp. 6 -- Soybean "milk." pp. 10 -- Soybean curd -- Soybean sprouts. pp. 12 -- Other edible soybean products. pp. 14.
=520  3\$aRedirection of meat supplies and other animal products for the war effort during World War II prompted research into protein substitutes for human consumption. The Department of Agriculture offered soybean products up as a low-cost supplement for animal products like meat, eggs, milk, and cheese. The brochure writer states "As the nutritive values and good eating qualities of soybeans and soya products become more familiar, these foods will undoubtedly play a larger part in our diet."
=591  \\$bNAL Reclamation
=593  \\$fAgricola CAT
=650  \0$aSoybean industry.$0http://id.loc.gov/authorities/subjects/sh85125890
=650  \0$aSoybean products.$0http://id.loc.gov/authorities/subjects/sh85125901
=655  \3$aInternet resource.
=776  08$iOnline version:$aDrown, Marion Julia, 1898-$tSoybeans and soybean products as food.$dWashington, D.C. : U.S. Dept. of Agriculture, 1943$w(OCoLC)988018651
=830  \0$aMiscellaneous publication (United States. Department of Agriculture) ;$vno. 534.
=841  \\$ax   $b8709220u    0   4   uu   1870922$ez
=852  \\$aDNAL$i1 Ag84M no.534
=856  41$uhttps://archive.org/details/soybeanssoybeanp534drow
=912  \\$analcatalog
=930  \\$a20140305$b20140404$c00000000
=945  \\$aUIU
=945  \\$p22
=945  \\$aDigiMet
=946  \\$aUSDA
=994  \\$a92$bAGL

