=LDR  02427cam a2200541Ia 4500
=001  9915516171107426
=005  20240620102721.0
=008  890419s1943\\\\dcu\\\\\\s\\\f000\0\eng\d
=016  7\$aCAT10307614$2DNAL
=035  \\$a347766
=035  \\$a(OCoLC)15669969
=035  \\$a(DNAL)347766-naldb-Voyager
=040  \\$aRQF$beng$cRQF$dAGL$dIUL$dOCLCQ$dOCLCF$dOCLCO$dOCLCA$dLHL
=049  \\$aAGLY
=050  \0$aS21$b.A46 no.539
=070  0\$a1$bAg84M no.539
=072  \0$aL200
=086  0\$aA 1.38:539
=100  1\$aGodfrey, Albert B.,$d1906-
=245  10$aDirectory of U.S. Register of Merit sires and dams qualifying under the National Poultry Improvement Plan, 1941-42 trap-nest record year /$ccompiled by A.B. Godfrey and Paul B. Zumbro.
=260  \\$aWashington, D.C. :$bU.S. Dept. of Agriculture,$c1943.
=300  \\$a57 pages ;$c23 cm.
=336  \\$atext$btxt$2rdacontent
=337  \\$aunmediated$bn$2rdamedia
=338  \\$avolume$bnc$2rdacarrier
=490  1\$aMiscellaneous publication / United States Department of Agriculture ;$vno. 539
=505  0\$aIntroduction -- Progress in breeding from U. S. Register of Merit Birds. pp. 1.
=505  0\$aRequirements for the U. S. Register of Merit and honor rolls for high viability -- Source of data. pp. 2.
=505  0\$aU. S. Register of Merit summary -- Use of the directory. pp. 5.
=505  0\$aWhite Wyandotte -- Single-comb White Minorca. pp. 53.
=520  \\$aFor each breeder having U. S. Register of Merit birds. pp. 54.
=591  \\$bNAL Reclamation
=593  \\$fAgricola CAT
=650  \0$aPoultry breeds.$0http://id.loc.gov/authorities/subjects/sh85105923
=655  \3$aInternet resource.
=700  1\$aZumbro, Paul B.$q(Paul Branson),$d1904-
=776  08$iOnline version:$aGodfrey, Albert B., 1906-$tDirectory of U.S. Register of Merit sires and dams qualifying under the National Poultry Improvement Plan, 1941-42 trap-nest record year.$dWashington, D.C. : U.S. Dept. of Agriculture, 1943$w(OCoLC)777341633
=830  \0$aMiscellaneous publication (United States. Department of Agriculture) ;$vno. 539.
=841  \\$ax   $b8709220u    0   4   uu   1870922$ez
=852  \\$aDNAL$i1 Ag84M no.539
=856  41$uhttps://archive.org/details/directoryofusreg539godf
=912  \\$analcatalog
=930  \\$a20140305$b20140404$c00000000
=945  \\$aUIU
=945  \\$p64
=945  \\$aDigiMet
=946  \\$aUSDA
=994  \\$a92$bAGL

