=LDR  02393cam a2200541Ia 4500
=001  9915516176407426
=005  20240620102725.0
=008  890419s1958\\\\dcua\\\\\\\\\f000\0\eng\d
=010  \\$aagr58000042 
=016  7\$aCAT10307315$2DNAL
=019  \\$a70304971$a801954080
=035  \\$a347616
=035  \\$a(OCoLC)11145847$z(OCoLC)70304971$z(OCoLC)801954080
=035  \\$a(DNAL)347616-naldb-Voyager
=035  \\$z(OCoLC)70304971$z(OCoLC)801954080
=040  \\$aCLA$beng$cCLA$dAGL$dIUL$dOCLCQ$dLHL$dOCLCO$dUAB$dOCLCO$dOCLCF$dOCLCO$dNOC$dCSF$dSFR
=043  \\$an-us---
=049  \\$aAGLY
=070  0\$a1$bAg84M no.756
=072  \0$aE700
=086  0\$aA 1.38:756
=086  0\$aA 1.38:743-865
=245  00$aNew markets for U.S. agricultural commodities :$ba pictorial report of foreign market development.
=260  \\$aWashington, D.C. :$bU.S. Dept. of Agriculture,$c1958.
=300  \\$a[20] pages :$bchiefly illustrations ;$c27 cm.
=336  \\$atext$btxt$2rdacontent
=337  \\$aunmediated$bn$2rdamedia
=338  \\$avolume$bnc$2rdacarrier
=490  1\$aMiscellaneous publication / United States Department of Agriculture ;$vno. 756
=505  0\$aPrincipal countries in which special promotional projects are being carried out -- Cotton -- Dairy -- Poultry Oil and oilseeds -- Fruits --Grains and feedLivestock and meat -- Tobacco -- Getting the job done: Typical foreign market development activities -- U.S. trade and agricultural groups cooperating in foreign market development projects.
=591  \\$bNAL Reclamation
=593  \\$fAgricola CAT
=650  \0$aProduce trade$zUnited States.
=651  \7$aUnited States.$2fast$0(OCoLC)fst01204155
=655  \3$aInternet resource.
=710  1\$aUnited States.$bForeign Agricultural Service.$0http://id.loc.gov/authorities/names/n80126196
=776  08$iOnline version:$tNew markets for U.S. agricultural commodities.$dWashington, D.C. : U.S. Dept. of Agriculture, 1958$w(OCoLC)953978245
=830  \0$aMiscellaneous publication (United States. Department of Agriculture) ;$vno. 756.
=841  \\$ax   $b8709220u    0   4   uu   1870922$ez
=852  \\$aDNAL$i1 Ag84M no.756
=856  41$uhttps://archive.org/details/newmarketsforusa756unit
=912  \\$analcatalog
=930  \\$a20140305$b20140404$c00000000
=945  \\$aUIU
=945  \\$p26
=945  \\$aDigiMet
=946  \\$aUSDA
=994  \\$a92$bAGL

