=LDR  02086cam a2200529Ia 4500
=001  9915516178507426
=005  20240624195021.0
=008  890419s1938\\\\dcua\\\\\\\\\f000\0\eng\d
=016  7\$aCAT10310689$2DNAL
=035  \\$a347892
=035  \\$a(OCoLC)15636344
=035  \\$a(DNAL)347892-naldb-Voyager
=040  \\$aRQF$beng$cRQF$dAGL$dOCLCQ$dLVB$dOCLCG$dOCLCA$dOCLCQ$dOCLCF$dKLG$dOCLCO$dCOF$dOCLCA$dSNN$dOCLCQ$dOCLCO
=043  \\$an-us---
=049  \\$aAGLY
=050  \0$aS21$b.A46 no.318, 320, 322, 324-325, 327-330
=070  0\$a1$bAg84M no.320
=072  \0$aC210
=086  0\$aA 1.38:320
=100  1\$aWarren, Gertrude L.,$d1884-1979.$0http://id.loc.gov/authorities/names/no99000980
=245  10$aOrganization of 4-H club work :$ba guide for local leaders /$c[by Gertrude L. Warren].
=260  \\$aWashington, D.C. :$bU.S. Dept. of Agriculture,$c1938.
=300  \\$a35 pages :$billustrations ;$c23 cm.
=336  \\$atext$btxt$2rdacontent
=337  \\$aunmediated$bn$2rdamedia
=338  \\$avolume$bnc$2rdacarrier
=490  1\$aMiscellaneous publication / United States Department of Agriculture ;$vno. 320
=591  \\$bNAL Reclamation
=593  \\$fAgricola CAT
=650  \0$a4-H clubs.$0http://id.loc.gov/authorities/subjects/sh85000002
=650  \0$aAgricultural extension work$zUnited States.
=651  \7$aUnited States.$2fast$0(OCoLC)fst01204155
=655  \3$aInternet resource.
=776  08$iOnline version:$aWarren, Gertrude L., 1884-1979.$tOrganization of 4-H club work.$dWashington, D.C. : U.S. Dept. of Agriculture, 1938$w(OCoLC)782156893
=830  \0$aMiscellaneous publication (United States. Department of Agriculture) ;$vno. 320.
=841  \\$ax$b8709220u    0   4   uu   1870922$ez
=852  \\$aDNAL$i1 Ag84M no.320
=856  41$uhttps://archive.org/details/organizationof4h320warr
=912  \\$analcatalog
=930  \\$a20140305$b20140404$c00000000
=939  \\$a20130319$b20130404$c00000000
=945  \\$aUIU
=945  \\$p42
=945  \\$aDigiMet
=946  \\$aUSDA
=959  \\$c2013-03-19$earojas$gap
=994  \\$a92$bAGL

