=LDR  02012cam a2200517Ia 4500
=001  9915516197407426
=005  20240624195019.0
=008  890419s1939\\\\dcu\\\\\\\\\\f000\0\eng\d
=016  7\$aCAT10310458$2DNAL
=035  \\$a347878
=035  \\$a(OCoLC)15636590
=035  \\$a(DNAL)347878-naldb-Voyager
=040  \\$aRQF$beng$cRQF$dAGL$dWYU$dIUL$dOCLCQ$dLVB$dOCLCG$dOCLCQ$dOCLCF$dOCLCO$dOCLCA$dSFR$dAGM$dSNN$dOCLCQ$dOCLCO
=043  \\$an-us---
=049  \\$aAGLY
=050  \0$aS21$b.A46 no.350
=070  0\$a1$bAg84M no.350
=072  \0$aP000
=086  0\$aA 1.38:350
=100  1\$aDay, Albert M.,$d1897-1979.$0http://id.loc.gov/authorities/names/no99034549
=245  14$aThe wildlife restoration program under the Pittman-Robertson Act of 1937 /$cby Albert M. Day.
=260  \\$aWashington, D.C. :$bU.S. Dept. of Agriculture,$c1939.
=300  \\$a12 pages ;$c23 cm.
=336  \\$atext$btxt$2rdacontent
=337  \\$aunmediated$bn$2rdamedia
=338  \\$avolume$bnc$2rdacarrier
=490  1\$aMiscellaneous publication / United States Department of Agriculture ;$vno. 350
=591  \\$bNAL Reclamation
=593  \\$fAgricola CAT
=650  \0$aWildlife management$xLaw and legislation$zUnited States.
=650  \3$aWildlife management.
=651  \7$aUnited States.$2fast$0(OCoLC)fst01204155
=655  \3$aInternet resource.
=776  08$iOnline version:$aDay, Albert M., 1897-1979.$tWildlife restoration program under the Pittman-Robertson Act of 1937.$dWashington, D.C. : U.S. Dept. of Agriculture, 1939$w(OCoLC)777108537
=830  \0$aMiscellaneous publication (United States. Department of Agriculture) ;$vno. 350.
=841  \\$ax   $b8709220u    0   4   uu   1870922$ez
=852  \\$aDNAL$i1 Ag84M no.350
=856  41$uhttps://archive.org/details/wildliferestorat350daya
=912  \\$analcatalog
=930  \\$a20131022$b20131101$c00000000
=945  \\$aUIU
=945  \\$p16
=945  \\$aDigiMet
=946  \\$aUSDA
=959  \\$c2013-10-22$essouder$gurl
=994  \\$a92$bAGL

