=LDR  02477cam a2200541Ia 4500
=001  9915516209307426
=005  20240620102716.0
=008  890419s1945\\\\dcu\\\\\\\\\\f000\0\eng\d
=016  7\$aCAT10307458$2DNAL
=019  \\$a801110078
=035  \\$a347488
=035  \\$a(OCoLC)15681488$z(OCoLC)801110078
=035  \\$a(DNAL)347488-naldb-Voyager
=035  \\$z(OCoLC)801110078
=040  \\$aRQF$beng$cRQF$dAGL$dIUL$dOCLCQ$dFUG$dOCLCQ$dOCLCA$dOCLCF$dOCLCQ$dLHL$dNOC$dOCLCA$dSNN$dOCLCQ
=043  \\$an-us---
=049  \\$aAGLY
=050  \0$aQP801$b.Un3
=070  0\$a1$bAg84M no.571
=072  \0$aQ501
=086  0\$aA 1.38:571
=245  00$aVitamin A in butter /$c[prepared by the Bureau of Dairy Industry].
=260  \\$aWashington, D.C. :$bU.S. Dept. of Agriculture,$c1945.
=300  \\$aiv, 14 pages ;$c20 cm.
=336  \\$atext$btxt$2rdacontent
=337  \\$aunmediated$bn$2rdamedia
=338  \\$avolume$bnc$2rdacarrier
=490  1\$aMiscellaneous publication / United States Department of Agriculture ;$vno. 571
=505  0\$aSummary of the results. pp. 2 -- Procedures used in conducting the survey. pp. 3 -- Vitamin A potency of creamery butter by regions. pp. 4 -- Effect of storage on the vitamin A potency of butter. pp. 7 -- Vitamin A potency of butter on retail markets. pp. 9 -- Possibilities of improving the vitamin A potency of milk and butter. pp. 12 -- Reports by cooperating States. pp. 14.
=520  3\$aThis publication provides some information of a nation-wide survey to determine the importance of butter as a source of vitamin A in the diet of the people of the United States.
=591  \\$bNAL Reclamation
=593  \\$fAgricola CAT
=650  \0$aButter$xAnalysis.
=650  \0$aVitamin A.$0http://id.loc.gov/authorities/subjects/sh85143952
=655  \3$aInternet resource.
=710  1\$aUnited States.$bBureau of Dairy Industry.$0http://id.loc.gov/authorities/names/n85166541
=776  08$iOnline version:$tVitamin A in butter.$dWashington, D.C. : U.S. Dept. of Agriculture, 1945$w(OCoLC)755260360
=830  \0$aMiscellaneous publication (United States. Department of Agriculture) ;$vno. 571.
=841  \\$ax   $b8709220u    0   4   uu   1870922$ez
=852  \\$aDNAL$i1 Ag84M no.571
=856  41$uhttps://archive.org/details/vitamininbutter571unit
=912  \\$analcatalog
=930  \\$a20140305$b20140404$c00000000
=945  \\$aUIU
=945  \\$p24
=945  \\$aDigiMet
=946  \\$aUSDA
=994  \\$a92$bAGL

