=LDR  02549cam a2200553Ia 4500
=001  9915516225907426
=005  20240624195021.0
=008  890419s1945\\\\dcuab\\\\\\\\f000\0\eng\d
=016  7\$aCAT10307332$2DNAL
=019  \\$a801403261
=035  \\$a347482
=035  \\$a(OCoLC)15682254$z(OCoLC)801403261
=035  \\$a(DNAL)347482-naldb-Voyager
=035  \\$z(OCoLC)801403261
=040  \\$aRQF$beng$cRQF$dAGL$dVIC$dOCLCQ$dLHL$dOCLCF$dOCLCO$dNOC$dOCLCA$dINT$dUAB
=043  \\$an-us---
=049  \\$aAGLY
=050  00$aS441$b.A15 1945
=070  0\$a1$bAg84M no.595
=072  \0$aE100
=086  0\$aA 1.38:595
=245  00$aPeacetime adjustments in farming :$bpossibilities under prosperity conditions /$cprepared by the Interbureau Committee on Postwar Programs in cooperation with the land-grant colleges.
=260  \\$aWashington, D.C. :$bU.S. Dept. of Agriculture,$c1945.
=300  \\$aiv, 52 pages :$billustrations, maps ;$c26 cm.
=336  \\$atext$btxt$2rdacontent
=337  \\$aunmediated$bn$2rdamedia
=338  \\$avolume$bnc$2rdacarrier
=490  1\$aMiscellaneous publication / United States Department of Agriculture ;$vno. 595
=505  0\$a1. Background: A postwar production benchmark -- Implications of production at bench-mark levels. pp. 1 -- 2. Commodity adjustments: Oil and fiber crops -- Potatoes, sweetpotatoes, and truck crops -- Sugar crops -- Tobacco -- Feed grains and forage crops. pp. 22 -- 3. Commodity adjustments-Livestock production: Meat animals -- Poultry and eggs -- Milk production. pp. 46.
=591  \\$bNAL Reclamation
=593  \\$fAgricola CAT
=650  \0$aAgriculture$zUnited States.$0http://id.loc.gov/authorities/subjects/sh85002470
=651  \7$aUnited States.$2fast$0(OCoLC)fst01204155
=655  \3$aInternet resource.
=710  1\$aUnited States.$bDepartment of Agriculture.$bInterbureau Committee on Postwar Programs.
=710  1\$aUnited States.$bDepartment of Agriculture.
=776  08$iOnline version:$tPeacetime adjustments in farming.$dWashington, D.C. : U.S. Dept. of Agriculture, 1945$w(OCoLC)834502346
=830  \0$aMiscellaneous publication (United States. Department of Agriculture) ;$vno. 595.
=841  \\$ax$b8709220u    0   4   uu   1870922$ez
=852  \\$aDNAL$i1 Ag84M no.595
=856  41$uhttps://archive.org/details/peacetimeadjustm595unit
=912  \\$analcatalog
=930  \\$a20140305$b20140404$c00000000
=945  \\$aUIU
=945  \\$p62
=945  \\$aDigiMet
=946  \\$aUSDA
=959  \\$c2013-04-02$essouder$gap
=994  \\$a92$bAGL

