=LDR  02373cam a2200589Ia 4500
=001  9915516840007426
=005  20240624195156.0
=008  950408q19061995xx\\\\\\\\\\\\000\0\eng\\
=016  7\$aCAT10938686$2DNAL
=035  \\$a721131
=035  \\$a(OCoLC)71095909
=035  \\$a(DNAL)721131-naldb-Voyager
=040  \\$aAGL$beng$cAGL$dOCLCQ$dAGL$dOCLCA$dAGL$dOCLCQ$dOCLCO$dOCLCA$dOCLCO$dOCLCA$dOCL
=043  \\$an-us---
=049  \\$aAGLL
=070  0\$aS21.C9$bE93 1906
=100  1\$aEvans, Frank L.$0http://id.loc.gov/authorities/names/n79054774
=245  10$aReminiscences covering personal characteristics of several executive heads of the United States Department of Agriculture, 1871 to 1906$kmanuscript /$cby Frank L. Evans, former disbursing officer and chief, Division of Accounts, U.S. Department of Agriculture.
=260  \\$c[1900?]
=300  \\$a17, 2, 27 leaves ;$c27 cm
=336  \\$atext$btxt$2rdacontent
=337  \\$aunmediated$bn$2rdamedia
=338  \\$avolume$bnc$2rdacarrier
=530  \\$aAlso available on the Internet.
=590  \\$aSpecial Collections second copy is mimeographed.
=591  \\$bNAL Reclamation
=593  \\$fAgricola CAT
=600  10$aEvans, Frank L.$0http://id.loc.gov/authorities/names/n79054774
=610  10$aUnited States.$bDepartment of Agriculture$xOfficials and employees.
=610  10$aUnited States.$bDepartment of Agriculture$xLeadership.
=610  17$aUnited States.$bDepartment of Agriculture$2fast$0(OCoLC)fst01852329
=650  \0$aGovernment executives$zUnited States$vBiography.
=650  \0$aReminiscing$zUnited States.
=651  \7$aUnited States.$2fast$0(OCoLC)fst01204155
=655  \7$aBiographies.$2fast$0(OCoLC)fst01919896
=710  1\$aUnited States.$bDepartment of Agriculture.
=856  41$uhttp://archive.org/details/reminiscencescov00evan
=912  \\$analcatalog
=930  \\$a20210526$b00000000$c00000000
=939  \\$a20171018$b20171115$c00000000
=939  \\$a20130605$b20130705$c00000000
=939  \\$a20130408$b20130503$c00000000
=939  \\$a20130220$b20130304$c00000000
=945  \\$aDigiMet
=945  \\$p102
=946  \\$aOther US
=958  \\$be$c2013-01-30$dn$emlydon
=959  \\$c2013-04-02$essouder$gap
=959  \\$c2013-02-20$emlydon$gsubjadd
=959  \\$c2013-04-08$essouder$gurl
=959  \\$c2021-05-26$earojas$gupgrade
=994  \\$a92$bAGL

