=LDR  01864cam a2200517Ia 4500
=001  9915518355007426
=005  20240624200320.0
=008  951027s1994\\\\dcua\\\\\b\\\f000\0\eng\\
=016  7\$aCAT10705343$2DNAL
=035  \\$a769226
=035  \\$a(OCoLC)33382112
=035  \\$a(DNAL)769226-naldb-Voyager
=040  \\$aAGL$beng$cAGL$dOCLCQ$dOCLCO$dOCLCA$dOCLCQ$dOCLCA$dOCLCF$dAGL
=043  \\$an-us---
=049  \\$aAGLL
=070  0\$aA321.9$bAg8 no.51
=072  \0$aT000
=245  00$aHow does living alone affect dietary quality?.
=260  \\$a[Washington, D.C.] :$bU.S. Dept. Agriculture, Agricultural Research Service,$c[1994]
=300  \\$aiii, 13 pages :$billustrations ;$c28 cm.
=336  \\$atext$btxt$2rdacontent
=337  \\$aunmediated$bn$2rdamedia
=338  \\$avolume$bnc$2rdacarrier
=490  1\$aHome economics research report ;$vno. 51
=504  \\$aIncludes bibliographical references (page 13).
=591  \\$bNAL Reclamation
=593  \\$fAgricola CAT
=650  \0$aNutrition surveys$zUnited States.$0http://id.loc.gov/authorities/subjects/sh85093476
=650  \0$aSingle people$xNutrition$zUnited States.
=650  \0$aLiving alone$zUnited States.
=651  \7$aUnited States.$2fast$0(OCoLC)fst01204155
=655  \3$aInternet resource.
=700  1\$aGerrior, Shirley A.
=710  1\$aUnited States.$bAgricultural Research Service.
=830  \0$aHome economics research report (United States. Department of Agriculture) ;$vno. 51.
=856  41$uhttps://archive.org/details/howdoeslivingalo51gerr
=912  \\$analcatalog
=930  \\$a20140411$b20140502$c00000000
=939  \\$a20140126$b20140207$c00000000
=939  \\$a19951204$b19951207$c00000000
=945  \\$dML$e95/10/27$fEJ$g95/11/13$n1
=945  \\$p24
=945  \\$aDigiMet
=946  \\$aUSDA
=959  \\$c2014-01-26$edcollins$gap
=994  \\$a92$bAGL

