=LDR  03076cam a2200637 a 4500
=001  9915519674307426
=005  20240620113258.0
=008  910309s1990\\\\dcu\\\\\\\\\\f000\0\eng\\
=010  \\$a   90601958 
=016  7\$aCAT10415762$2DNAL
=019  \\$a22611682$a224088285$a370745840$a806291413
=035  \\$a483837
=035  \\$a(OCoLC)24143586$z(OCoLC)22611682$z(OCoLC)224088285$z(OCoLC)370745840$z(OCoLC)806291413
=035  \\$a(DNAL)483837-naldb-Voyager
=035  \\$z(OCoLC)22611682$z(OCoLC)224088285$z(OCoLC)370745840$z(OCoLC)806291413
=040  \\$aDLC$beng$cDLC$dAGL$dIUL$dBTCTA$dAU@$dXFF$dLHL$dOCLCF$dOCLCO$dOCLCA$dNOC$dOCLCQ$dOKX$dOCLCQ$dOCLCO
=043  \\$an-us---
=049  \\$aAGLL
=050  00$aS21$b.A46 no. 1484$aG104
=070  0\$a1$bAg84M no.1484
=072  \0$aX800
=072  \0$aB500
=086  0\$aA 1.38:1484
=086  0\$aI 33.2:G 29x
=100  1\$aBurrill, Meredith F.,$d1902-1997.$0http://id.loc.gov/authorities/names/n91043845
=245  10$a1890-1990, a century of service :$bUnited States Board on Geographic Names /$cMeredith F. Burrill.
=260  \\$a[Washington, D.C.?] :$bU.S. Dept. of Agriculture, Forest Service,$c[1990]
=300  \\$a10 pages ;$c28 cm
=336  \\$atext$btxt$2rdacontent
=337  \\$aunmediated$bn$2rdamedia
=338  \\$avolume$bnc$2rdacarrier
=490  1\$aMiscellaneous publication ;$v1484
=505  0\$aStandardization of geographhc names : Creation of Board on Geographic Names -- Link to mapping and charting -- International efforts. pp. 2 -- Six periods describe history : The First Period-1890-1926 -- The Second Period-1927-33 -- The Third Period-1934-42 -- The Fourth Period-1943-46 -- The Fifth Period-1947-57 -- The Sixth Period-1958-90. pp. 3 -- Active advisory committees. p. 6 -- International programs. pp. 7 -- Work of the Board on Domestic and Foreign Names. pp. 8 -- A century of achievements. pp. 9.
=591  \\$bNAL Reclamation
=593  \\$fAgricola CAT
=610  20$aUnited States Board on Geographic Names.$0http://id.loc.gov/authorities/names/n79113042
=610  27$aUnited States Board on Geographic Names.$2fast$0(OCoLC)fst00537347
=650  \0$aNames, Geographical.$0http://id.loc.gov/authorities/subjects/sh85089606
=650  \3$aagricultural history.
=650  \3$asociology.
=650  \3$aeducation.
=650  \3$aculture and humanities.
=655  \3$aInternet resource.
=776  08$iOnline version:$aBurrill, Meredith F.$t1890-1990, a century of service.$d[Washington, D.C.?] : U.S. Dept. of Agriculture, Forest Service, [1990]$w(OCoLC)881931876
=830  \0$aMiscellaneous publication (United States. Department of Agriculture) ;$v1484.
=841  \\$ax   $b9101110u    0   4   uu   1910111$ez
=852  \\$aDNAL$i1 Ag84M no.1484
=856  41$uhttps://archive.org/details/18901990centuryo1484burr
=912  \\$analcatalog
=930  \\$a20140305$b20140404$c00000000
=938  \\$aBaker and Taylor$bBTCP$n90601958
=945  \\$dLRN$e90/10/02$fCMM$g90/10/12$n1
=945  \\$p20
=945  \\$aDigiMet
=946  \\$aUSDA
=994  \\$a92$bAGL

