=LDR  03065cam a2200697 i 4500
=001  9915519869007426
=005  20240624165632.0
=006  m\\\\\o\\d\f\\\\\\
=007  cr\mn|||||||||
=008  020514s2001\\\\dcu\\\\\ob\\\f100\0\eng\c
=016  7\$aCAT11117920$2DNAL
=035  \\$a884957
=035  \\$a(OCoLC)49776976
=035  \\$a(DNAL)884957-naldb-Voyager
=040  \\$aAGL$beng$erda$epn$cAGL$dOCLCQ$dOCLCO$dOCLCA$dOCLCQ$dOCLCA$dOCLCQ$dGPO$dMERUC$dOCLCA$dAZP$dIAD$dTFW$dOCLCQ$dOCLCA$dOCLCF$dINT$dOCLCQ$dAGL
=042  \\$apcc
=043  \\$an-us---
=049  \\$aAGLL
=070  0\$a1$bAg84M no. 1570
=072  \0$aQ200
=072  \0$aE100
=074  \\$a0013-A (online)
=086  0\$aA 1.38:1570
=111  2\$aValuing the Health Benefits of Food Safety$d(2000 :$cUniversity of Maryland at College Park)$jauthor.$0http://id.loc.gov/authorities/names/no2016165268
=245  10$aValuing the Health Benefits of Food Safety: a proceedings /$ccompiled by Fred Kuchler.
=264  \1$a[Washington, D.C.] :$bUnited States Department of Agriculture,$c2001.
=300  \\$a1 online resource.
=336  \\$atext$btxt$2rdacontent
=337  \\$acomputer$bc$2rdamedia
=338  \\$aonline resource$bcr$2rdacarrier
=490  1\$aMiscellaneous publication ;$vnumber 1570
=504  \\$aIncludes bibliographical references.
=520  \\$aConference sessions included discussions on current best practices for valuing the prevention of food-borne illnesses and death.
=588  0\$aOnline resource; title from title screen (USDA, viewed Dec. 9, 2016).
=591  \\$bNAL Reclamation
=593  \\$fAgricola CAT
=650  \0$aFood$xSafety measures$xCosts$vCongresses.
=650  \0$aFoodborne diseases$xPrevention$vCongresses.
=650  \0$aFood industry and trade$xEconomic aspects$zUnited States$vCongresses.
=651  \7$aUnited States.$2fast$0(OCoLC)fst01204155
=655  \3$aInternet resource.
=655  \4$aOnline resources.
=655  \4$aElectronic books.
=655  \7$aConference papers and proceedings.$2fast$0(OCoLC)fst01423772
=655  \7$aElectronic government information.$2lcgft
=700  1\$aKuchler, Fred,$ecompiler.$0http://id.loc.gov/authorities/names/n84136917
=710  1\$aUnited States.$bDepartment of Agriculture.$bEconomic Research Service,$eissuing body.$0http://id.loc.gov/authorities/names/n79086751
=710  2\$aCenters for Disease Control and Prevention (U.S.),$esponsoring body.$0http://id.loc.gov/authorities/names/no93011529
=830  \0$aMiscellaneous publication (United States. Department of Agriculture) ;$vno. 1570.
=856  40$uhttp://www.ers.usda.gov/Publications/mp1570/
=856  40$uhttp://www.ers.usda.gov/publications/mp1570/mp1570.pdf
=856  41$uhttps://archive.org/details/valuinghealthben1570kuch
=912  \\$analcatalog
=930  \\$a20140305$b20140404$c00000000
=939  \\$a20020602$b20020610$c00000000
=945  \\$dSS$e2002/05/14$fCMM$g2002/05/14$n1
=945  \\$p116
=945  \\$aDigiMet
=946  \\$aUSDA
=959  \\$c2013-04-02$essouder$gap
=994  \\$a92$bAGL

