=LDR  02531cam a2200613 a 4500
=001  9915520030507426
=005  20240620113457.0
=008  020506s2001\\\\dcua\\\\\\\\\f000\0\eng\c
=016  7\$aCAT11117458$2DNAL
=019  \\$a1034938687
=035  \\$a884588
=035  \\$a(OCoLC)48914937$z(OCoLC)1034938687
=035  \\$a(DNAL)884588-naldb-Voyager
=035  \\$z(OCoLC)1034938687
=040  \\$aGPO$beng$cGPO$dAGL$dOCLCQ$dGPO$dOCLCQ$dOCLCO$dOCLCF$dOCLCA$dOCLCQ
=042  \\$apcc
=043  \\$an-us---
=049  \\$aAGLL
=050  \0$aSB950.2.A1$bS34 2001
=070  0\$a1$bAg84M no. 1581
=072  \0$aF800
=072  \0$aL820
=074  \\$a0013-A
=074  \\$a0013-A (online)
=086  0\$aA 1.38:1581
=245  00$aSafeguarding U.S. agriculture in the global environment.
=246  3\$aSafeguarding US agriculture in the global environment
=260  \\$a[Washington, D.C.?] :$bU.S. Dept. of Agriculture, Animal and Plant Health Inspection Service,$c[2001]
=300  \\$a1 envelope (1 volume) :$billustrations ;$c30 cm.
=336  \\$atext$btxt$2rdacontent
=337  \\$aunmediated$bn$2rdamedia
=338  \\$avolume$bnc$2rdacarrier
=490  1\$aMiscellaneous publication ;$vno. 1581
=530  \\$aAlso available via the Internet from the APHIS web site. Address as of 06/10/08: http://www.aphis.usda.gov/lpa/pubs/brotrada.pdf; current access available via PURL.
=591  \\$bNAL Reclamation
=593  \\$fAgricola CAT
=610  10$aUnited States.$bAnimal and Plant Health Inspection Service
=610  17$aUnited States.$bAnimal and Plant Health Inspection Service$2fast$0(OCoLC)fst00537191
=650  \0$aAgricultural pests$xControl$zUnited States.
=650  \0$aBiological invasions$zUnited States$xPrevention.
=651  \7$aUnited States.$2fast$0(OCoLC)fst01204155
=655  \3$aInternet resource.
=710  1\$aUnited States.$bAnimal and Plant Health Inspection Service.
=776  08$iOnline version:$tSafeguarding U.S. agriculture in the global environment.$d[Washington, D.C.?] : U.S. Dept. of Agriculture, Animal and Plant Health Inspection Service, [2001]$w(OCoLC)623788883
=830  \0$aMiscellaneous publication (United States. Department of Agriculture) ;$vno. 1581.
=856  41$uhttps://archive.org/details/safeguardingusag1581unit
=912  \\$analcatalog
=930  \\$a20140305$b20140404$c00000000
=939  \\$a20020602$b20020610$c00000000
=945  \\$dDF$e2002/04/30$fAR$g2002/05/06$n1
=945  \\$p88
=945  \\$aDigiMet
=946  \\$aUSDA
=994  \\$a92$bAGL

