=LDR  01491cam a2200493Mi 4500
=001  9915520993707426
=005  20240624170151.0
=008  950316s1934\\\\dcu\\\\\\\\\\f000\0\eng\d
=016  7\$aCAT10930084$2DNAL
=035  \\$a709768
=035  \\$a(OCoLC)71089262
=035  \\$a(DNAL)709768-naldb-Voyager
=040  \\$aAGL$beng$cAGL$dOCLCO$dOCLCQ$dAGL
=049  \\$aRQIB
=070  0\$a173$bT17Suga
=072  \0$aE700
=072  \0$aQ004
=110  2\$aUnited States Tariff Commission.$0http://id.loc.gov/authorities/names/n79036923
=245  10$aSugar :$breport of the United States Tariff Commission to the President of the United States.
=260  \\$aWashington,$c[1934]
=300  \\$a4 volumes in 1
=336  \\$atext$btxt$2rdacontent
=337  \\$aunmediated$bn$2rdamedia
=338  \\$avolume$bnc$2rdacarrier
=530  \\$aAlso available on the Internet.
=591  \\$bNAL Reclamation
=593  \\$fAgricola CAT
=650  \3$aplant-based foods.
=650  \3$afield crops.
=650  \3$amarketing.
=650  \3$adistribution (economics)
=650  \3$aagricultural economics.
=650  \3$aagribusiness.
=655  \3$aInternet resource.
=856  41$uhttp://archive.org/details/sugarreportofuni00unit
=911  \\$ichl00106058
=912  \\$analcatalog
=930  \\$a20210525$b00000000$c00000000
=939  \\$a20130913$b20131018$c00000000
=945  \\$aDigiMet
=945  \\$p842
=946  \\$aOther US
=959  \\$c2013-09-13$essouder$gurl
=994  \\$a92$bAGL

