=LDR  02259cas a2201081M  4500
=001  9915522233807426
=005  20240621220941.0
=008  010417d191719uudcuuu\\\\\\\\f0\\\\0eng\d
=016  7\$aCAT11099826$2DNAL
=035  \\$a869082
=035  \\$a(OCoLC)1288982709
=035  \\$a(DNAL)869082-naldb-Voyager
=040  \\$aAGL$beng$cAGL
=049  \\$aRQIC
=070  0\$a1.9$bM34Ho
=110  1\$aUnited States.$bBureau of Markets.
=245  10$aSemi-monthly news bulletin.$pHoney.
=246  30$aHoney
=260  \\$aWashington.
=310  \\$aSemi-monthly
=362  0\$aNo. 1- June 15, 1917-
=362  1\$aCeased.
=591  \\$bNAL Reclamation
=593  \\$fAgricola CAT
=655  \3$aInternet resource.
=856  41$uhttps://archive.org/details/usda-honeymarketnews
=912  \\$analcatalog
=930  \\$a20140902$b00000000$c00000000
=945  \\$aDigiMet
=945  \\$vpt. 1
=945  \\$p32
=945  \\$aDigiMet
=945  \\$vpt. 2
=945  \\$p16
=945  \\$aDigiMet
=945  \\$vpt. 3
=945  \\$p34
=945  \\$aDigiMet
=945  \\$vpt. 4
=945  \\$p50
=945  \\$aDigiMet
=945  \\$vpt. 5
=945  \\$p52
=945  \\$aDigiMet
=945  \\$vpt. 6
=945  \\$p74
=945  \\$aDigiMet
=945  \\$vpt. 7
=945  \\$p84
=945  \\$aDigiMet
=945  \\$vpt. 8
=945  \\$p84
=945  \\$aDigiMet
=945  \\$vpt. 9
=945  \\$p94
=945  \\$aDigiMet
=945  \\$vpt. 10
=945  \\$p96
=945  \\$aDigiMet
=945  \\$vpt. 11
=945  \\$p116
=945  \\$aDigiMet
=945  \\$vpt. 12
=945  \\$p110
=945  \\$aDigiMet
=945  \\$vpt. 13
=945  \\$p118
=945  \\$aDigiMet
=945  \\$vpt. 14
=945  \\$p148
=945  \\$aDigiMet
=945  \\$vpt. 15
=945  \\$p176
=945  \\$aDigiMet
=945  \\$vpt. 16
=945  \\$p198
=945  \\$aDigiMet
=945  \\$vpt. 17
=945  \\$p188
=945  \\$aDigiMet
=945  \\$vpt. 18
=945  \\$p168
=945  \\$aDigiMet
=945  \\$vpt. 19
=945  \\$p164
=945  \\$aDigiMet
=945  \\$vpt. 20
=945  \\$p180
=945  \\$aDigiMet
=945  \\$vpt. 21
=945  \\$p152
=946  \\$aUSDA
=994  \\$a92$bAGL

