=LDR  01683cas a2200481Ia 4500
=001  9915522526207426
=005  20240620122541.0
=008  010417d19631963aku\x\m\\\\\\f0\\\a0eng\d
=016  7\$aCAT11099960$2DNAL
=019  \\$a4769842
=022  \\$a0502-353X
=035  \\$a869216
=035  \\$a(OCoLC)10041179$z(OCoLC)4769842
=035  \\$a(DNAL)869216-naldb-Voyager
=035  \\$z(OCoLC)4769842
=040  \\$aVPI$beng$cVPI$dOCL$dOCLCQ$dIPL$dOCLCQ$dOCLCF$dOCLCO$dOCLCA$dOCLCQ$dAGL
=043  \\$an-us-ak
=049  \\$aRQIC
=050  \0$aSD11$b.N75e
=070  0\$aA99.9$bF7672Us
=245  00$aU.S Forest Service resource bulletin NOR /$cNorthern Forest Experiment Station, U.S. Department of Agriculture.
=246  3\$aUnited States Forest Service resource bulletin northern
=260  \\$aJuneau, Alaska :$bThe Station,$c1963.
=300  \\$a1 volume :$billustrations ;$c27 cm
=336  \\$atext$btxt$2rdacontent
=337  \\$aunmediated$bn$2rdamedia
=338  \\$avolume$bnc$2rdacarrier
=362  0\$a1.
=591  \\$bNAL Reclamation
=593  \\$fAgricola CAT
=650  \0$aForests and forestry$xResearch$zAlaska.
=650  \0$aForests and forestry$zAlaska.
=651  \7$aAlaska.$2fast$0(OCoLC)fst01204480
=655  \3$aInternet resource.
=710  2\$aNorthern Forest Experiment Station (Juneau, Alaska)$0http://id.loc.gov/authorities/names/no2009160659
=776  08$iOnline version:$tU.S Forest Service resource bulletin NOR$w(OCoLC)690535202
=856  41$uhttps://archive.org/details/usforestservicer01unit
=912  \\$analcatalog
=930  \\$a20140702$b00000000$c00000000
=945  \\$aDigiMet
=945  \\$p24
=946  \\$aUSDA
=994  \\$a92$bAGL

