=LDR  02054cam a2200577   4500
=001  9915523635207426
=005  20240624170701.0
=008  800401s1967\\\\dcu\\\\\\\\\\f000\0\eng\c
=010  \\$aagr67000199 
=016  7\$aCAT10235839$2DNAL
=035  \\$a210646
=035  \\$a(OCoLC)00020524
=035  \\$a(DNAL)210646-naldb-Voyager
=040  \\$aU.S. Nat'l Agr. Libr.$beng$cDLC$dOCLCQ$dIUL$dBTCTA$dOCLCG$dOCLCO$dOCLCF$dOCLCQ$dOCLCO$dCOD$dCSF$dOCLCA$dOKS$dGPO$dOCLCQ$dAGL
=049  \\$aAGLL
=050  00$aS21$b.Z2383 no. 152 1967
=070  \\$aA281.9$bF76Fm no. 152 1967
=072  \0$a7500
=074  \\$a0076-G
=086  0\$aA 67.26:152/967
=086  0\$aA 67.26:152/rev. 967
=086  0\$aA 67.26:152/2
=100  1\$aHenderson, Harry W.$q(Harry William),$d1908-$0http://id.loc.gov/authorities/names/no94015252
=245  10$aTerms used in international agricultural trade.$c[Compiled by Harry W. Henderson.
=250  \\$aRev.
=260  \\$aWashington]$bForeign Agricultural Service, U.S. Dept. of Agriculture,$c1967.
=300  \\$a105 pages$c26 cm
=336  \\$atext$btxt$2rdacontent
=337  \\$aunmediated$bn$2rdamedia
=338  \\$avolume$bnc$2rdacarrier
=490  1\$aFAS-M-152
=591  \\$bNAL Reclamation
=593  \\$fAgricola CAT
=650  \0$aCommerce$vTerminology.
=650  \0$aAgriculture$vTerminology.$0http://id.loc.gov/authorities/subjects/sh85002461
=650  \0$aInternational trade$vTerminology.
=650  \3$atrade$xTerminology.
=650  \3$aagriculture$xTerminology.
=655  \3$aInternet resource.
=655  \7$aTerminology.$2fast$0(OCoLC)fst01423880
=710  1\$aUnited States.$bForeign Agricultural Service.$0http://id.loc.gov/authorities/names/n80126196
=830  \0$aFAS M ;$v152.
=856  41$uhttps://archive.org/details/termsusedininter152hend
=912  \\$analcatalog
=930  \\$a20140306$b20140404$c00000000
=938  \\$aBaker and Taylor$bBTCP$nagr67000199
=945  \\$aDigiMet
=945  \\$p112
=946  \\$aUSDA
=959  \\$c2014-03-06$earojas$gap
=994  \\$a92$bAGL

