=LDR  01011cam a2200361M  4500
=001  9915523769207426
=005  20240624171706.0
=008  800401s1965\\\\mx\\\\\\\\\\\\000\0\eng\d
=016  7\$aCAT10248092$2DNAL
=035  \\$a210331
=035  \\$a(OCoLC)1289102574
=035  \\$a(DNAL)210331-naldb-Voyager
=040  \\$aAGL$beng$cAGL
=049  \\$aAGLL
=070  \\$a1$bAg84M no. 810 1965 Spanish ed.
=072  \0$a3000
=100  1\$aMcCalmont, J. R.$q(James Robert),$d1904-
=245  10$aLos silos en la granja.
=250  \\$a[3 ed. en espanol].
=260  \\$aMexico$c[1965]
=300  \\$a30 p.$billus.
=591  \\$bNAL Reclamation
=593  \\$fAgricola CAT
=655  \3$aInternet resource.
=700  1\$aMcCalmont, James Robert,$d1904-$tFarm soils.
=856  41$uhttps://archive.org/details/lossilosenlagran810mcca
=912  \\$analcatalog
=930  \\$a20140306$b00000000$c00000000
=945  \\$aDigiMet
=945  \\$p40
=946  \\$aUSDA
=959  \\$c2014-03-06$earojas$gap
=994  \\$a92$bAGL

