=LDR  02098cam a2200553Ia 4500
=001  9915523808007426
=005  20240624171657.0
=008  800401s1967\\\\oru\\\\\\\\\\f000\0\eng\d
=016  7\$aCAT10235828$2DNAL
=019  \\$a1039866247$a1231767665
=035  \\$a210624
=035  \\$a(OCoLC)54481342$z(OCoLC)1039866247$z(OCoLC)1231767665
=035  \\$a(DNAL)210624-naldb-Voyager
=035  \\$z(OCoLC)1039866247$z(OCoLC)1231767665
=040  \\$aNRC$beng$cNRC$dRLA$dMTG$dOCLCF$dOCLCQ$dOCLCO$dAGM$dWURST$dAGL
=049  \\$aAGLL
=050  \0$aSD11$b.A456132 no. 51
=070  \\$aA99.9$bF7625U no. 51
=072  \0$a4500
=086  0\$aA 13.79:PNW-51
=100  1\$aHefner, James E.
=245  10$aFire-danger rating in the future /$cJames E. Hefner.
=260  \\$aPortland, Or. :$bPacific Northwest Forest and Range Experiment Station, U.S. Dept. of Agriculture,$c1967.
=300  \\$a4 pages ;$c28 cm.
=336  \\$atext$btxt$2rdacontent
=337  \\$aunmediated$bn$2rdamedia
=338  \\$avolume$bnc$2rdacarrier
=490  1\$aU.S. Forest Service research note PNW ;$v51
=530  \\$aAlso available on the Internet.
=591  \\$bNAL Reclamation
=593  \\$fAgricola CAT
=650  \0$aForest fire forecasting.$0http://id.loc.gov/authorities/subjects/sh85050580
=650  \0$aWildfire forecasting.$0http://id.loc.gov/authorities/subjects/sh93001134
=650  \3$aforest fires.
=650  \3$afire hazard.
=655  \3$aInternet resource.
=710  2\$aPacific Northwest Forest and Range Experiment Station (Portland, Or.)$0http://id.loc.gov/authorities/names/n80126131
=830  \0$aU.S. Forest Service research note PNW ;$v51.
=856  41$uhttps://www.fs.fed.us/pnw/pubs/uncaptured/pnw_rn051.pdf
=856  41$uhttps://www.fs.fed.us/pnw/pubs/pnw_rn051.pdf
=856  41$uhttps://archive.org/details/firedangerrating51hefn/mode/2up
=912  \\$analcatalog
=930  \\$a20210112$b00000000$c00000000
=939  \\$a20070416$b20070502$c00000000
=945  \\$aDigiMet
=945  \\$p8
=946  \\$aUSDA
=959  \\$c2021-01-10$ecmartinez$gupgrade
=994  \\$a92$bAGL

