=LDR  01372cam a2200445M  4500
=001  9915523861007426
=005  20240624171654.0
=008  800401s1967\\\\dcu\\\\\\\\\\\000\0\eng\d
=016  7\$aCAT10235591$2DNAL
=035  \\$a210171
=035  \\$a(OCoLC)1288984094
=035  \\$a(DNAL)210171-naldb-Voyager
=040  \\$aAGL$beng$cAGL
=049  \\$aAGLL
=070  \\$aA381$bR31A no. 54
=072  \0$a1500
=100  1\$aEisenhardt, Nelson H.,$d1924-
=245  10$aDehydrated explosion puffed blueberries$c[by N. H. Eisenhardt and others.
=260  \\$aWashington]$bAgricultural Research Service, U.S. Dept. of Agriculture,$c1967.
=300  \\$a15 p.$billus.$c27 cm.
=490  1\$a[U.S. Agricultural Research Service] ARS 73-54
=504  \\$aBibliography: p. 14-15.
=591  \\$bNAL Reclamation
=593  \\$fAgricola CAT
=650  \0$aBlueberries$xDrying.
=650  \0$aDried blueberries.
=655  \3$aInternet resource.
=700  1\$aEskew, Roderick K.$q(Roderick Koenig),$d1897-
=700  1\$aCording, J.
=700  1\$aTalley, Florence B.
=700  1\$aHuhtanen, C. N.
=830  \0$aARS 73 ;$v54.
=856  41$uhttps://archive.org/details/dehydratedexplos7354eise
=912  \\$analcatalog
=930  \\$a20140414$b20140502$c00000000
=945  \\$aDigiMet
=945  \\$p22
=946  \\$aUSDA
=959  \\$c2014-04-14$earojas$gap
=994  \\$a92$bAGL

