=LDR  02061cam a2200577Ia 4500
=001  9915523875407426
=005  20240624171716.0
=008  800401s1967\\\\dcu\\\\\\b\\\f000\0\eng\d
=016  7\$aCAT10235704$2DNAL
=019  \\$a319989209
=035  \\$a210382
=035  \\$a(OCoLC)70003908$z(OCoLC)319989209
=035  \\$a(DNAL)210382-naldb-Voyager
=035  \\$z(OCoLC)319989209
=040  \\$aIWA$beng$cIWA$dOCLCF$dOCLCO$dOCLCQ$dCOD$dOCLCA$dOCLCQ$dAGL
=049  \\$aAGLL
=050  \0$aSB951.5$bI57x 1967
=070  \\$aA420$bR31 no. 112
=072  \0$a7000
=086  0\$aA 77.15:33112
=100  1\$aGeorge, Donald A.,$d1928-
=245  10$aInsecticide residues on forage crops /$cby Donald A. George [and others].
=260  \\$a[Washington, D.C.?] :$bU.S. Dept. of Agriculture, Agricultural Research Service,$c1967.
=300  \\$a18 pages ;$c26 cm
=336  \\$atext$btxt$2rdacontent
=337  \\$aunmediated$bn$2rdamedia
=338  \\$avolume$bnc$2rdacarrier
=490  1\$a[U.S. Agricultural Research Service.] ARS ;$v33-112
=504  \\$aIncludes bibliographical references (pages 15-18).
=591  \\$bNAL Reclamation
=593  \\$fAgricola CAT
=650  \0$aSpraying and dusting residues in agriculture.$0http://id.loc.gov/authorities/subjects/sh85126992
=650  \0$aInsecticides$xEnvironmental aspects.
=655  \3$aInternet resource.
=700  1\$aButler, Lillian Ida,$d1910-
=700  1\$aMaitlen, Jay C.,$d1928-
=700  1\$aRusk, Harold W.
=700  1\$aWalker, Kenneth C.,$d1916-
=710  1\$aUnited States.$bAgricultural Research Service.
=830  \0$aARS (Series) (United States. Agricultural Research Service) ;$v33-112.
=856  41$uhttps://archive.org/details/insecticideresid112geor
=912  \\$analcatalog
=930  \\$a20210112$b00000000$c00000000
=939  \\$a20140411$b20140502$c00000000
=939  \\$a20131022$b20131101$c00000000
=945  \\$aDigiMet
=945  \\$p26
=946  \\$aUSDA
=959  \\$c2013-10-22$essouder$gurl
=959  \\$c2021-01-10$ecmartinez$gupgrade
=994  \\$a92$bAGL

