=LDR  02011cam a2200565   4500
=001  9915524032007426
=005  20240624170714.0
=008  800401s1967\\\\dcua\\\\\b\\\\000\0\eng\c
=010  \\$aagr67000307 
=016  7\$aCAT10235580$2DNAL
=035  \\$a210149
=035  \\$a(OCoLC)00064504
=035  \\$a(DNAL)210149-naldb-Voyager
=040  \\$aU.S. Nat'l Agr. Libr.$beng$cDLC$dBTCTA$dOCLCO$dOCLCF$dOCLCQ$dCOF$dOCLCA$dAGL
=043  \\$an-us-nb
=049  \\$aAGLL
=050  10$aS900$b.U5 no. 130
=070  0\$aA56.9$bR31 no. 130
=072  \0$a8500
=086  0\$aA 77.15:ARS-41-130
=100  1\$aDvorak, Verne I.,$d1925-
=245  10$aCooperative runoff and sediment investigations on Medicine Creek Watershed in Nebraska$c[by V.I. Dvorak and H.G. Heinemann.
=260  \\$aWashington]$bAgricultural Research Service, U.S. Dept. of Agriculture,$c1967.
=300  \\$a96 pages$billustrations$c26 cm.
=336  \\$atext$btxt$2rdacontent
=337  \\$aunmediated$bn$2rdamedia
=338  \\$avolume$bnc$2rdacarrier
=490  1\$a[United States. Agricultural Research Service] ARS-41$v-130
=504  \\$aIncludes bibliographical references (pages 54-55).
=530  \\$aAlso available on the Internet.
=591  \\$bNAL Reclamation
=593  \\$fAgricola CAT
=650  \0$aSedimentation and deposition$zNebraska.
=651  \3$aMedicine Creek Watershed (Neb.)
=650  \3$arunoff.
=651  \7$aNebraska.$2fast$0(OCoLC)fst01208998
=655  \3$aInternet resource.
=700  1\$aHeinemann, Herman G.,$d1920-$eauthor.
=810  1\$aUnited States.$bAgricultural Research Service.$tARS-41 ;$v-130.
=856  41$uhttps://archive.org/details/cooperativerunof13dvor
=912  \\$analcatalog
=930  \\$a20201023$b00000000$c00000000
=938  \\$aBaker and Taylor$bBTCP$nagr67000307
=939  \\$a20131022$b20131101$c00000000
=945  \\$aDigiMet
=945  \\$p104
=946  \\$aUSDA
=959  \\$c2013-10-22$essouder$gurl
=959  \\$c2020-10-23$ecbarone$gother
=994  \\$a92$bAGL

