=LDR  02052cam a2200541 a 4500
=001  9915524196507426
=005  20240624170812.0
=008  800401s1967\\\\orub\\\\\b\\\f000\0\eng\d
=016  7\$aCAT10235658$2DNAL
=019  \\$a1039858900$a1231744486
=035  \\$a210297
=035  \\$a(OCoLC)58993288$z(OCoLC)1039858900$z(OCoLC)1231744486
=035  \\$a(DNAL)210297-naldb-Voyager
=035  \\$z(OCoLC)1039858900$z(OCoLC)1231744486
=040  \\$aORE$beng$cORE$dOCL$dMTG$dOCLCF$dOCLCO$dOCLCQ$dOCLCA$dAGM$dWURST$dOCLCQ$dAGL
=043  \\$an-us-wa
=049  \\$aAGLL
=050  \0$aSD143$b.U51 no.49
=070  \\$aA99.9$bF7625U no. 49
=072  \0$a5000
=086  0\$aA 13.79:PNW-49
=100  1\$aFowler, W. B.$q(William Burgess),$d1930-$0http://id.loc.gov/authorities/names/n82120440
=245  10$aRadiation sampling in a mountainous zone /$cby William B. Fowler.
=260  \\$aPortland, Or. :$bPacific Northwest Forest and Range Experiment Station, U.S. Dept. of Agriculture,$c[1967]
=300  \\$a5 pages :$bmaps ;$c28 cm
=336  \\$atext$btxt$2rdacontent
=337  \\$aunmediated$bn$2rdamedia
=338  \\$avolume$bnc$2rdacarrier
=490  1\$aU.S. Forest Service research note PNW ;$v49
=504  \\$aIncludes bibliographical references.
=591  \\$bNAL Reclamation
=593  \\$fAgricola CAT
=650  \0$aSolar radiation$zWashington (State)$zWenatchee National Forest.
=650  \3$asolar radiation.
=650  \3$asampling.
=650  \3$ameasurement.
=651  \7$aWashington (State)$zWenatchee National Forest.$2fast$0(OCoLC)fst01250466
=655  \3$aInternet resource.
=710  2\$aPacific Northwest Forest and Range Experiment Station (Portland, Or.)$0http://id.loc.gov/authorities/names/n80126131
=830  \0$aU.S. Forest Service research note PNW ;$v49.
=856  41$uhttps://archive.org/details/radiationsamplin49fowl
=912  \\$analcatalog
=930  \\$a20140507$b00000000$c00000000
=945  \\$aDigiMet
=945  \\$p10
=946  \\$aUSDA
=959  \\$c2014-05-06$earojas$gap
=994  \\$a92$bAGL

