=LDR  01872cam a2200481Ia 4500
=001  9915524206707426
=005  20240624170801.0
=008  800401s1968\\\\orua\\\\\b\\\f000\0\eng\d
=016  7\$aCAT10248161$2DNAL
=035  \\$a210462
=035  \\$a(OCoLC)41851576
=035  \\$a(DNAL)210462-naldb-Voyager
=040  \\$aWaOE$beng$cESR$dOCL$dOCLCQ$dMTG$dOCLCQ$dOCLCO$dSEA$dOCLCF$dOCLCA$dAGM$dWURST$dAGL
=043  \\$an-usp--$an-cn-bc
=049  \\$aAGLL
=070  \\$aA99.9$bF7625U no. 92
=072  \0$a4500
=086  0\$aA 13.79:PNW-92
=100  1\$aMinore, Don.$0http://id.loc.gov/authorities/names/n83004715
=245  10$aEffects of artificial flooding on seedling survival and growth of six Northwestern tree species /$cby Don Minore.
=260  \\$a[Portland, Or.] :$bU.S. Dept. of Agriculture, Forest Service, Pacific Northwest Forest and Range Experiment Station,$c[1968]
=300  \\$a12 pages :$billustrations ;$c27 cm.
=336  \\$atext$btxt$2rdacontent
=337  \\$aunmediated$bn$2rdamedia
=338  \\$avolume$bnc$2rdacarrier
=490  1\$aU.S. Forest Service research note PNW ;$v92
=504  \\$aIncludes bibliographical references (pages 11-12).
=591  \\$bNAL Reclamation
=593  \\$fAgricola CAT
=650  \0$aTrees$zNorthwest, Pacific$xSeedlings$xEffect of floods on.
=650  \3$aseedlings.
=651  \7$aPacific Northwest.$2fast$0(OCoLC)fst01242543
=655  \3$aInternet resource.
=710  2\$aPacific Northwest Forest and Range Experiment Station (Portland, Or.)$0http://id.loc.gov/authorities/names/n80126131
=830  \0$aU.S. Forest Service research note PNW ;$v92.
=856  41$uhttps://archive.org/details/effectsofartific92mino
=912  \\$analcatalog
=930  \\$a20140506$b00000000$c00000000
=945  \\$aDigiMet
=945  \\$p16
=946  \\$aUSDA
=959  \\$c2014-05-06$earojas$gap
=994  \\$a92$bAGL

