=LDR  02037cam a2200505 a 4500
=001  9915524212807426
=005  20240624170802.0
=008  800401s1968\\\\orua\\\\\b\\\f000\0\eng\d
=016  7\$aCAT10248056$2DNAL
=035  \\$a210263
=035  \\$a(OCoLC)59827175
=035  \\$a(DNAL)210263-naldb-Voyager
=040  \\$aORE$beng$cORE$dC@R$dOCL$dMTG$dOCLCO$dOCLCQ$dOCLCF$dAGM$dWURST$dOCLCQ$dAGL
=049  \\$aAGLL
=050  \0$aSD143$b.U51 no.85
=070  \\$aA99.9$bF7625U no. 85
=072  \0$a5000
=086  0\$aA 13.79:PNW-85
=100  1\$aMartignoni, Mauro E.,$d1926-$0http://id.loc.gov/authorities/names/n82116596
=245  10$aDetermination of nucleopolyhedron counts and size frequency distributions by means of a Coulter transducer /$cby Mauro E. Martignoni and Paul J. Iwai.
=260  \\$a[Portland, Or.] :$bPacific Northwest Forest and Range Experiment Station, U.S. Forest Service,$c[1968]
=300  \\$a14 pages :$billustrations ;$c28 cm
=336  \\$atext$btxt$2rdacontent
=337  \\$aunmediated$bn$2rdamedia
=338  \\$avolume$bnc$2rdacarrier
=490  1\$aU.S. Forest Service research note PNW ;$v85
=504  \\$aIncludes bibliographical references (page 14).
=591  \\$bNAL Reclamation
=593  \\$fAgricola CAT
=650  \0$aDouglas fir tussock moth$xVirus diseases.
=650  \0$aDouglas fir tussock moth$xViruses.
=650  \0$aBiological assay.$0http://id.loc.gov/authorities/subjects/sh85014169
=650  \3$aOrgyia pseudotsugata.
=655  \3$aInternet resource.
=700  1\$aIwai, Paul J.$0http://id.loc.gov/authorities/names/n82114570
=710  2\$aPacific Northwest Forest and Range Experiment Station (Portland, Or.)$0http://id.loc.gov/authorities/names/n80126131
=830  \0$aU.S. Forest Service research note PNW ;$v85.
=856  41$uhttps://archive.org/details/determinationofn85mart
=912  \\$analcatalog
=930  \\$a20140507$b00000000$c00000000
=945  \\$aDigiMet
=945  \\$p20
=946  \\$aUSDA
=959  \\$c2014-05-06$earojas$gap
=994  \\$a92$bAGL

