=LDR  01557cam a2200433M  4500
=001  9915524417907426
=005  20240624170851.0
=008  800401s1967\\\\dcu\\\\\\\\\\\000\0\eng\d
=016  7\$aCAT10235565$2DNAL
=035  \\$a210123
=035  \\$a(OCoLC)1289102229
=035  \\$a(DNAL)210123-naldb-Voyager
=040  \\$aAGL$beng$cAGL
=049  \\$aAGLL
=070  \\$aA381$bR31Ab no. 41
=072  \0$a1500
=111  2\$aDry Bean Research Conference$n(8th :$d1966 :$cBellaire, Mich.)
=245  10$aReport ...$b[Prepared in the Western Regional Research Laboratory, Albany, Calif... Western Utilization Research and Development Division, Agricultural Research Service.
=260  \\$aWashington]$bAgricultural Research Service,$bU.S. Dept. of Agriculture$c[1967]
=300  \\$a76 p.$billus.$c27 cm.
=490  1\$a[U.S. Agricultural Research Service] ARS-74-41
=504  \\$aIncludes bibliographies.
=591  \\$bNAL Reclamation
=593  \\$fAgricola CAT
=650  \0$aDried beans$xCongresses.
=650  \0$aDried beans$xResearch.
=655  \3$aInternet resource.
=710  2\$aNational Dry Bean Council.
=710  1\$aUnited States.$bAgricultural Research Service.$bWestern Utilization Research and Development Division.
=830  \0$aARS 74 ;$v41.
=856  41$uhttps://archive.org/details/reportpreparedin7441dryb
=912  \\$analcatalog
=930  \\$a20140116$b20140207$c00000000
=945  \\$aDigiMet
=945  \\$p88
=946  \\$aUSDA
=959  \\$c2014-01-15$essouder$gurl
=959  \\$c2014-01-16$earojas$gap
=994  \\$a92$bAGL

