=LDR  02337cam a2200577Ia 4500
=001  9915524540707426
=005  20240624170900.0
=008  990218s1998\\\\paua\\\\\b\\\f000\0\eng\\
=016  7\$aCAT10862051$2DNAL
=019  \\$a1230181123
=035  \\$a826849
=035  \\$a(OCoLC)40778624$z(OCoLC)1230181123
=035  \\$a(DNAL)826849-naldb-Voyager
=035  \\$z(OCoLC)1230181123
=040  \\$aAGL$beng$cAGL$dOCLCF$dOCLCQ$dOCLCO$dCOD$dNOC$dAGM$dAGL
=041  \\$aeng
=049  \\$aAGLL
=050  \0$aSD144.A12$bU74 no.365
=070  0\$aA99.9$bF7622U no.365
=072  \0$aL300
=086  0\$aA 13.79:NE-365
=100  1\$aThomasma, Linda Ebel.
=245  10$aTool and technique for restraining live-captured American martens and fishers /$cLinda Ebel Thomasma, Rolf O. Peterson.
=260  \\$aRadnor, Pa :$bU.S. Dept. of Agriculture, Forest Service, Northeastern Research Station,$c[1998]
=300  \\$a5 pages :$billustrations ;$c28 cm.
=336  \\$atext$btxt$2rdacontent
=337  \\$aunmediated$bn$2rdamedia
=338  \\$avolume$bnc$2rdacarrier
=490  1\$aResearch note NE ;$v365
=504  \\$aIncludes bibliographical references (page 5).
=530  \\$aLibrary also holds microfiche. Washington, DC : Supt. of Docs., U.S. G.P.O., 1998. 1 microfiche : negative. (NAL call no. : Fiche S-133 (A 13.79:NE-365)
=591  \\$bNAL Reclamation
=593  \\$fAgricola CAT
=650  \0$aMartens.$0http://id.loc.gov/authorities/subjects/sh85081618
=650  \0$aFisher (Mammal)$0http://id.loc.gov/authorities/subjects/sh85048663
=650  \0$aAnimal immobilization.$0http://id.loc.gov/authorities/subjects/sh85005198
=655  \3$aInternet resource.
=700  1\$aPeterson, Rolf Olin.$0http://id.loc.gov/authorities/names/n82024051
=710  1\$aUnited States.$bForest Service.$bNortheastern Research Station.$0http://id.loc.gov/authorities/names/no98081992
=830  \0$aResearch note NE (Radnor, Pa. : 1990) ;$v365.
=856  41$uhttps://archive.org/details/tooltechniquefor365thom
=912  \\$analcatalog
=930  \\$a20140115$b20140207$c00000000
=939  \\$a20040823$b20040901$c00000000
=939  \\$a19990301$b19990308$c00000000
=945  \\$dDF$e99/02/17$fVS$g99/02/18$n1
=945  \\$p12
=945  \\$aDigiMet
=946  \\$aUSDA
=959  \\$c2014-01-15$essouder$gurl
=994  \\$a92$bAGL

