=LDR  02527cam a2200649 a 4500
=001  9915524597607426
=005  20240620131653.0
=008  990210s1981\\\\dcua\\\\\bs\\f000\0\eng\c
=010  \\$a   81603690 
=016  7\$aCAT10160299$2DNAL
=019  \\$a1225702904
=035  \\$a826494
=035  \\$a(OCoLC)07936409$z(OCoLC)1225702904
=035  \\$a(DNAL)826494-naldb-Voyager
=035  \\$z(OCoLC)1225702904
=040  \\$aDGPO/DLC$beng$cDLC$dCHS$dAGL$dOCLCQ$dNLGGC$dBTCTA$dLVB$dBUF$dOCLCO$dOCLCA$dOCLCF$dIAD$dOCLCQ$dOCLCO$dOCLCQ$dIPL$dCSO$dOCLCO$dXFF$dOCLCO$dOCLCA$dSFR$dOCLCQ$dOCLCA$dCPO$dOCLCO$dCSA$dOCLCO$dWURST$dOCLCQ$dOCLCO
=043  \\$an-us---
=049  \\$aAGLL
=050  00$aS21$b.A46 no. 1411$aHQ766.5
=050  10$aHD6983$b.E38
=070  0\$a1$bAg84m no.1411
=072  \0$aU400
=072  \0$aU300
=074  \\$a103-A
=086  0\$aA 1.38:1411
=100  1\$aEdwards, Carolyn S.$0http://id.loc.gov/authorities/names/n81151901
=245  10$aUSDA estimates of the cost of raising a child :$ba guide to their use and interpretation.
=260  \\$aWashington, D.C. :$bU.S. Dept. of Agriculture, Agricultural Research Service,$c1981.
=300  \\$ai, 57 pages :$billustrations ;$c28 cm
=336  \\$atext$btxt$2rdacontent
=337  \\$aunmediated$bn$2rdamedia
=338  \\$avolume$bnc$2rdacarrier
=490  1\$aMiscellaneous publication ;$vno. 1411
=504  \\$aIncludes bibliographical references.
=591  \\$bNAL Reclamation
=593  \\$fAgricola CAT
=650  \0$aChild rearing$zUnited States$xCosts.
=650  \2$aChild Rearing
=650  \2$aCosts and Cost Analysis
=650  \2$aSocioeconomic Factors.
=651  \2$aUnited States
=651  \7$aUnited States.$2fast$0(OCoLC)fst01204155
=655  \3$aInternet resource.
=710  1\$aUnited States.$bAgricultural Research Service.
=776  08$iOnline version:$aEdwards, Carolyn S.$tUSDA estimates of the cost of raising a child.$dWashington, D.C. : U.S. Dept. of Agriculture, Agricultural Research Service, 1981$w(OCoLC)681827261
=830  \0$aMiscellaneous publication (United States. Department of Agriculture) ;$vno. 1411.
=852  \\$aDNAL$i1 Ag84M no.1411
=856  41$uhttps://archive.org/details/usdaestimatesofc1411edwa
=912  \\$analcatalog
=930  \\$a20140305$b20140404$c00000000
=938  \\$aBaker and Taylor$bBTCP$n81603690
=939  \\$a19990301$b19990308$c00000000
=945  \\$dVS$e99/02/05$fVS$g99/02/10$n1
=945  \\$p68
=945  \\$aDigiMet
=946  \\$aUSDA
=994  \\$a92$bAGL

