=LDR  01728cam a2200457 a 4500
=001  9915525046707426
=005  20240620131642.0
=008  990803s1967\\\\dcu\\\\\\s\\\f000\0\eng\\
=016  7\$aCAT10875006$2DNAL
=035  \\$a834116
=035  \\$a(OCoLC)41999646
=035  \\$a(DNAL)834116-naldb-Voyager
=040  \\$aAGL$beng$cAGL$dIUL$dOCLCQ$dNUI$dOCLCF$dOCLCQ$dOCLCO$dSFR$dOKS$dOCLCQ$dAGL
=043  \\$an-us---
=049  \\$aAGLL
=070  0\$aaTX360.U6$bF656 1967
=072  \0$aT000
=086  0\$aA 77.15:62-16
=245  00$aFood consumption of households in the United States, spring 1965 :$ba preliminary report /$c[by Consumer and Food Economics Research Division, Agricultural Research Service, United States Department of Agriculture].
=260  \\$a[Washington, D.C.?] :$bThe Service,$c[1967]
=300  \\$a28 pages ;$c26 cm
=336  \\$atext$btxt$2rdacontent
=337  \\$aunmediated$bn$2rdamedia
=338  \\$avolume$bnc$2rdacarrier
=490  1\$aARS ;$v62-16
=591  \\$bNAL Reclamation
=593  \\$fAgricola CAT
=650  \0$aFood consumption$zUnited States.
=651  \7$aUnited States.$2fast$0(OCoLC)fst01204155
=655  \3$aInternet resource.
=710  1\$aUnited States.$bAgricultural Research Service.$bConsumer and Food Economics Research Division.$0http://id.loc.gov/authorities/names/n81006611
=830  \0$aARS (Series) (United States. Agricultural Research Service) ;$v62-16.
=856  41$uhttps://archive.org/details/foodconsumptiono6216unit
=912  \\$analcatalog
=930  \\$a20140505$b20140606$c00000000
=939  \\$a19990901$b19990909$c00000000
=945  \\$dARS$e99/08/03$fAR$g99/08/03
=945  \\$p32
=945  \\$aDigiMet
=946  \\$aUSDA
=994  \\$a92$bAGL

