=LDR  01791cam a2200457Ma 4500
=001  9915525238407426
=005  20240624170933.0
=008  800401s1967\\\\laua\\\\\b\\\f100\0\eng\d
=016  7\$aCAT10245151$2DNAL
=035  \\$a204634
=035  \\$a(OCoLC)1288986597
=035  \\$a(DNAL)204634-naldb-Voyager
=040  \\$aAGL$beng$cAGL
=049  \\$aAGLL
=070  0\$aA381$bR31 no. 57
=072  \0$a1500
=111  2\$aConference on Peach Processing and Utilization$d(1966 :$cGriffin, Ga.)
=245  10$aProceedings of the Conference on Peach Processing and Utilization :$bheld at Experiment (Griffin), Ga., January 17 and 18, 1966 /$cAgricultural Research Service, United States Department of Agriculture.
=260  \\$aNew Orleans, La. :$bUnited States Department of Agriculture, Agricultural Research Service, Southern Utilization Research & Development Division,$c[1967]
=300  \\$av, 101, [1] p. :$bill. ;$c23 cm
=490  1\$aU.S. Agricultural Research Service. ARS 72-57
=504  \\$aIncludes bibliographies.
=591  \\$bNAL Reclamation
=593  \\$fAgricola CAT
=650  \0$aPeach$vCongresses.
=650  \0$aPeach industry$zUnited States$vCongresses.
=655  \3$aInternet resource.
=710  1\$aUnited States.$bAgricultural Research Service.$bSouthern Utilization Research and Development Division.
=830  \0$aARS 72 ;$v57.
=856  41$uhttps://archive.org/details/proceedingsofcon7257conf
=912  \\$analcatalog
=930  \\$a20140115$b20140207$c00000000
=939  \\$a20130315$b20130404$c00000000
=945  \\$aDigiMet
=945  \\$p116
=946  \\$aUSDA
=959  \\$c2014-01-15$essouder$gurl
=959  \\$c2013-03-15$ejgilbert$gsubjadd
=959  \\$c2013-03-15$ejgilbert$gaccadd
=959  \\$c2013-03-15$ejgilbert$gde
=994  \\$a92$bAGL

