=LDR  01685cam a2200445Mi 4500
=001  9915525252407426
=005  20240620131731.0
=008  800401s1966\\\\utu\\\\\\b\\\f000\0\eng\d
=016  7\$aCAT10232732$2DNAL
=035  \\$a204627
=035  \\$a(OCoLC)1039865233
=035  \\$a(DNAL)204627-naldb-Voyager
=040  \\$aAGM$beng$cAGM$dOCLCO$dOCLCF$dOCLCQ$dAGL
=049  \\$aAGLL
=070  \\$aA99.9$bF764Un no. 48
=072  \0$a4500
=245  02$aA bibliography of publications by the Intermountain Forest and Range Experiment Station on the genetics and breeding of forest trees, 1921-1965 /$ccompiled by Vendla K. Roberts.
=260  \\$aOgden, Utah :$bU.S. Forest Service, Intermountain Forest and Range Experiment Station,$c1966.
=300  \\$a8 pages.
=336  \\$atext$btxt$2rdacontent
=337  \\$aunmediated$bn$2rdamedia
=338  \\$avolume$bnc$2rdacarrier
=490  0\$aResearch note (U.S. Forest Service, Intermountain Forest and Range Experiment Station) ;$v48
=504  \\$aIs a bibliography.
=591  \\$bNAL Reclamation
=593  \\$fAgricola CAT
=610  20$aIntermountain Forest and Range Experiment Station (Ogden, Utah)$0http://id.loc.gov/authorities/names/n79062786
=610  27$aIntermountain Forest and Range Experiment Station (Ogden, Utah)$2fast$0(OCoLC)fst00533482
=650  \3$agenetic engineering.
=650  \3$aforest trees.
=650  \3$atree breeding.
=655  \3$aInternet resource.
=700  1\$aRoberts, Vendla K.
=856  41$uhttps://archive.org/details/bibliographyofpu48robe
=912  \\$analcatalog
=930  \\$a20140604$b00000000$c00000000
=945  \\$aDigiMet
=945  \\$p12
=946  \\$aUSDA
=994  \\$a92$bAGL

