=LDR  02178cam a22005891  4500
=001  9915525267407426
=005  20240620133020.0
=008  800401s1968\\\\pauab\\\\\\\\f000\0\eng\\
=010  \\$a   68062336 
=016  7\$aCAT10245336$2DNAL
=019  \\$a1039855922
=035  \\$a204994
=035  \\$a(OCoLC)00453625$z(OCoLC)1039855922
=035  \\$a(DNAL)204994-naldb-Voyager
=035  \\$z(OCoLC)1039855922
=040  \\$aDLC$beng$cDLC$dMTG$dNUI$dOCLCA$dOCLCF$dOCLCA$dOCLCQ$dCOD$dOCLCA$dAGM$dOCLCA$dAGL
=041  \\$aeng
=043  \\$an-us-ky
=049  \\$aAGLL
=050  00$aSD144.A125$bA35 no.9
=070  \\$aA99.9$bF7622Uf no. 9
=072  \0$a4500
=086  0\$aA 13.40:NE-9
=100  1\$aGansner, David A.$0http://id.loc.gov/authorities/names/n50017346
=245  14$aThe timber resources of Kentucky,$cDavid A. Gansner.
=260  \\$a[Upper Darby, Pa.],$b[Northeastern Forest Experiment Station, U.S. Dept. of Agriculture],$c[1968]
=300  \\$a97 pages$billustrations, maps (some color)$c23 cm.
=336  \\$atext$btxt$2rdacontent
=337  \\$aunmediated$bn$2rdamedia
=338  \\$avolume$bnc$2rdacarrier
=490  1\$aU.S. Forest Service resource bulletin NE-9
=504  \\$aIncludes bibliographical footnotes.
=591  \\$bNAL Reclamation
=593  \\$fAgricola CAT
=650  \0$aForests and forestry$zKentucky.
=650  \0$aForest products industry$zKentucky.
=650  \0$aTimber$zKentucky.
=650  \3$atimber supply.
=651  \3$aKentucky.
=651  \7$aKentucky.$2fast$0(OCoLC)fst01204494
=655  \3$aInternet resource.
=710  1\$aUnited States.$bDepartment of Agriculture.
=710  2\$aNortheastern Forest Experiment Station (Radnor, Pa.)
=776  08$iOnline version:$aGansner, David A.$tTimber resources of Kentucky.$d[Upper Darby, Pa., Northeastern Forest Experiment Station, U.S. Dept. of Agriculture, 1968]$w(OCoLC)681971593
=830  \0$aU.S.D.A. Forest Service resource bulletin NE ;$v9.
=856  41$uhttps://archive.org/details/timberresourceso09gans
=912  \\$analcatalog
=930  \\$a20140209$b00000000$c00000000
=945  \\$aDigiMet
=945  \\$p111
=946  \\$aUSDA
=994  \\$a92$bAGL

