=LDR  02375cam a22005531a 4500
=001  9915533280907426
=005  20240624194048.0
=008  920620s1939\\\\dcud\\\\\\\\\f000\0\eng\\
=010  \\$aagr39000050 
=016  7\$aCAT10505873$2DNAL
=035  \\$a407018
=035  \\$a(OCoLC)05382676
=035  \\$a(DNAL)407018-naldb-Voyager
=040  \\$aDLC$beng$cDLC$dAFU$dIUL$dBUF$dAGL$dOCLCG$dOCLCA$dAMAZN$dWIH$dOCLCF$dOCLCQ$dINT
=042  \\$apremarc
=049  \\$aRQIA
=050  00$aHD9000.6$b.U6 1939
=070  0\$a1$bEc7Ba
=072  \0$aE100
=086  0\$aA 36.2:F 22/42
=086  0\$aA 36.2:P 942/5
=110  1\$aUnited States.$bBureau of Agricultural Economics.$0http://id.loc.gov/authorities/names/n80060900
=245  10$aBarriers to internal trade in farm products /$cby George R. Taylor ..., Edgar L. Burtis ..., Frederick V. Waugh ...
=246  30$aInternal trade in farm products
=260  \\$aWashington, D.C. :$bUnited States Government Printing Office,$c1939.
=300  \\$avi, 104 pages :$bcharts, tables ;$c27 cm
=336  \\$atext$btxt$2rdacontent
=337  \\$aunmediated$bn$2rdamedia
=338  \\$avolume$bnc$2rdacarrier
=591  \\$bNAL Reclamation
=593  \\$fAgricola CAT
=650  \0$aFarm produce$xMarketing.$0http://id.loc.gov/authorities/subjects/sh85047242
=650  \0$aStates' rights (American politics)$0http://id.loc.gov/authorities/subjects/sh85127510
=650  \0$aInterstate commerce.$0http://id.loc.gov/authorities/subjects/sh85067516
=655  \3$aInternet resource.
=700  1\$aTaylor, George Rogers,$d1895-1983.$0http://id.loc.gov/authorities/names/n50009276
=700  1\$aBurtis, Edgar L.$q(Edgar Lewis),$d1908-$0http://id.loc.gov/authorities/names/no2003020138
=700  1\$aWaugh, Frederick V.$q(Frederick Vail),$d1898-1974.$0http://id.loc.gov/authorities/names/n83045899
=776  08$iOnline version:$aUnited States. Bureau of Agricultural Economics.$tBarriers to internal trade in farm products.$dWashington, U.S. Govt. Print. Off., 1939$w(OCoLC)575349850
=856  41$uhttps://archive.org/details/barrierstointern00unit
=912  \\$analcatalog
=930  \\$a20140505$b20140606$c00000000
=938  \\$aAMAZON$bAMZN$nB003ARSJEE
=939  \\$a20130417$b20130503$c00000000
=945  \\$aDigiMet
=945  \\$p120
=946  \\$aOther US
=959  \\$c2013-04-17$essouder$gde
=994  \\$a92$bAGL

