=LDR  01503cam a2200433Ia 4500
=001  9915533326607426
=005  20240620121727.0
=008  920620s1912\\\\nyuaef\\\\\\\\000\0\eng\\
=010  \\$a   12013921 
=016  7\$aCAT10507985$2DNAL
=035  \\$a407234
=035  \\$a(OCoLC)11456743
=035  \\$a(DNAL)407234-naldb-Voyager
=040  \\$aDLC$beng$cDEH$dAGL$dOCLCF$dOCLCQ$dOCLCO
=049  \\$aRQIA
=050  00$aSF486$b.C7
=070  0\$a47$bC762
=072  \0$aN100
=100  1\$aConover, Mary Roberts,$d1880-
=245  10$aMaking a poultry house /$cby M. Roberts Conover.
=260  \\$aNew York [N.Y.] :$bMcBride, Nast & Company,$c1912.
=300  \\$a5 preliminary leaves, 54 pages :$bfrontispiece, illustrations (plans), plates ;$c17 cm.
=336  \\$atext$btxt$2rdacontent
=337  \\$aunmediated$bn$2rdamedia
=338  \\$avolume$bnc$2rdacarrier
=490  1\$aHouse and garden making books
=591  \\$bNAL Reclamation
=593  \\$fAgricola CAT
=650  \0$aPoultry$xHousing.$0http://id.loc.gov/authorities/subjects/sh85105901
=655  \3$aInternet resource.
=776  08$iOnline version:$aConover, Mary Roberts, 1880-$tMaking a poultry house.$dNew York [N.Y.] : McBride, Nast & Company, 1912$w(OCoLC)613208271
=830  \0$aHouse & garden making books
=856  41$uhttps://archive.org/details/makingpoultryhou00cono
=912  \\$analcatalog
=930  \\$a20140505$b20140606$c00000000
=945  \\$aDigiMet
=945  \\$p92
=946  \\$aOther US
=994  \\$a92$bAGL

