=LDR  02152cam a22005531a 4500
=001  9915533399907426
=005  20240624194103.0
=008  920620s1913\\\\nyuaf\\\\f\\\\001\0\eng\\
=010  \\$a   13005449 
=016  7\$aCAT10504303$2DNAL
=035  \\$a407347
=035  \\$a(OCoLC)03058723
=035  \\$a(DNAL)407347-naldb-Voyager
=040  \\$aDLC$beng$cDLC$dDVP$dAGL$dKRTAS$dAGL$dOCLCQ$dOCLCF$dOCLCQ
=042  \\$apremarc
=049  \\$aAGLL
=050  00$aSF487$b.F25
=070  0\$aSF487$b.F37 1913
=100  1\$aFarrington, Edward Irving,$d1876-1958.$0http://id.loc.gov/authorities/names/no2011012781
=245  14$aThe home poultry book /$cby Edward I. Farrington.
=260  \\$aNew York :$bMcBride, Nast & Co.,$c1913.
=300  \\$av, 172 pages, 40 unnumbered leaves of plates :$billustrations ;$c21 cm
=336  \\$atext$btxt$2rdacontent
=337  \\$aunmediated$bn$2rdamedia
=338  \\$avolume$bnc$2rdacarrier
=530  \\$aAlso available in digital form on the Internet Archive Web site.
=590  \\$aThis publication is part of the James M. Gwin Poultry Book Collection.
=591  \\$bNAL Reclamation
=593  \\$fAgricola CAT
=650  \0$aPoultry$vAmateurs' manuals.
=650  \0$aPoultry$xFeeding and feeds$vAmateurs' manuals.
=650  \0$aPoultry breeds$xSelection$vAmateurs' manuals.
=650  \0$aPoultry$xDiseases$xTreatment$vAmateurs' manuals.
=650  \0$aEggs$xProduction$vAmateurs' manuals.
=655  \3$aInternet resource.
=655  \7$aHandbooks and manuals.$2fast$0(OCoLC)fst01423877
=776  08$iOnline version:$aFarrington, Edward Irving, 1876-$tHome poultry book.$dNew York, McBride, Nast & Company, 1913$w(OCoLC)615937961
=856  41$uhttp://hdl.loc.gov/loc.gdc/scd0001.00028668430
=856  41$uhttps://archive.org/details/homepoultrybook00farr_0
=912  \\$analcatalog
=930  \\$a20160607$b20160701$c00000000
=938  \\$aKirtas Technologies, Inc.$bKRTS$n308667
=939  \\$a20140505$b20140606$c00000000
=939  \\$a20110317$b20110402$c00000000
=945  \\$aDigiMet
=945  \\$p260
=946  \\$aOther US
=958  \\$be$c2011-03-17$dn$emlydon
=994  \\$a92$bAGL

