=LDR  01855cam a2200433I  4500
=001  9915533429507426
=005  20240620122651.0
=008  920620s1911\\\\iluaf\\\\\\\\\000\0\eng\\
=010  \\$a   11022034 
=016  7\$aCAT10505512$2DNAL
=035  \\$a407207
=035  \\$a(OCoLC)04798607
=035  \\$a(DNAL)407207-naldb-Voyager
=040  \\$aDLC$beng$cCLE$dOCL$dAGL$dKRTAS$dOCLCF$dOCLCQ$dOCLCO
=049  \\$aRQIA
=050  \0$aSF489.P7$bD5
=070  0\$a47$bD42
=072  \0$aL200
=100  1\$aDenny, William Charles,$d1880-$eeditor.
=245  10$aStandard-bred Plymouth Rocks,$bbarred, white, buff, silver penciled, partridge and Columbian; their practical qualities; how to judge them; how to mate and breed for best results.$cWilliam C. Denny, editor. Contributed to by the best known and most expert breeders in America.
=260  \\$aQuincy, Ill.,$bReliable poultry journal Pub. Co.;$aBuffalo, N.Y.,$bAmerican poultry Pub. Co.$c[1911]
=300  \\$a128 pages$bcolor frontispiece, illustrations, color plates$c30 cm
=336  \\$atext$btxt$2rdacontent
=337  \\$aunmediated$bn$2rdamedia
=338  \\$avolume$bnc$2rdacarrier
=591  \\$bNAL Reclamation
=593  \\$fAgricola CAT
=650  \0$aPlymouth Rock chicken.$0http://id.loc.gov/authorities/subjects/sh85103596
=655  \3$aInternet resource.
=776  08$iOnline version:$aDenny, William Charles, 1880-$tStandard-bred Plymouth Rocks.$dQuincy, Ill., Reliable poultry journal Pub. Co.; Buffalo, N.Y., American poultry Pub. Co. [1911]$w(OCoLC)703504990
=856  40$uhttps://archive.org/details/standardbredplym00denn
=912  \\$analcatalog
=930  \\$a20140702$b20140807$c00000000
=938  \\$aKirtas Technologies, Inc.$bKRTS$n807799
=939  \\$a20041013$b20041101$c00000000
=945  \\$aDigiMet
=945  \\$p148
=946  \\$aOther US
=994  \\$a92$bAGL

