=LDR  02293cam a2200649 a 4500
=001  9915533546207426
=005  20240620122729.0
=008  030602s2002\\\\paua\\\\\b\\\f000\0\eng\\
=010  \\$a  2003387247
=016  7\$aCAT11134328$2DNAL
=019  \\$a51508280
=035  \\$a901081
=035  \\$a(OCoLC)56317860$z(OCoLC)51508280
=035  \\$a(DNAL)901081-naldb-Voyager
=035  \\$z(OCoLC)51508280
=040  \\$aDLC$beng$cDLC$dOCLCQ$dAGL$dBTCTA$dOCLCF$dOCLCO$dOCLCQ$dGZM$dAGM$dOCLCQ
=043  \\$an------
=049  \\$aAGLL
=050  00$aTS803$b.S87 2002
=070  0\$aA99.9$b.F7622Uf no. 155
=072  \0$aK510
=072  \0$aK520
=072  \0$aK530
=086  0\$aA 13.80:NE-155
=245  00$aSurvey of primary processors in New York, 1999 /$cBruce Hansen [and others].
=260  \\$aNewtown Square, PA (11 Campus Blvd., Suite 200, Newtown Square, 19073-3294) :$bU.S. Dept. of Agriculture, Forest Service, Northeastern Research Station,$c2002.
=300  \\$a13 pages :$billustrations ;$c28 cm.
=336  \\$atext$btxt$2rdacontent
=337  \\$aunmediated$bn$2rdamedia
=338  \\$avolume$bnc$2rdacarrier
=490  1\$aResource bulletin NE ;$v155
=504  \\$aIncludes bibliographical references (page 12).
=530  \\$aAlso available on the Internet.
=591  \\$bNAL Reclamation
=593  \\$fAgricola CAT
=650  \0$aWoodworking industries$zNorth America.
=650  \0$aForest products industry$zNorth America.
=650  \3$aforest products industry.
=650  \3$aforest products.
=650  \3$aroundwood.
=651  \3$aNew York.
=651  \7$aNorth America.$2fast$0(OCoLC)fst01242475
=655  \3$aInternet resource.
=700  1\$aHansen, Bruce G.
=710  1\$aUnited States.$bForest Service.$bNortheastern Research Station.$0http://id.loc.gov/authorities/names/no98081992
=830  \0$aResource bulletin NE ;$v155.
=856  41$uhttp://purl.access.gpo.gov/GPO/LPS25800
=856  41$uhttps://archive.org/details/surveyofprimaryp155hans
=912  \\$analcatalog
=930  \\$a20140207$b20140307$c00000000
=938  \\$aBaker and Taylor$bBTCP$n2003387247
=939  \\$a20030627$b20030708$c00000000
=945  \\$dML$e2003/03/23$fAR$g2003/06/02$n1
=945  \\$p24
=945  \\$aDigiMet
=946  \\$aUSDA
=994  \\$a92$bAGL

