=LDR  01515cam a22004331  4500
=001  9915535954207426
=005  20240620130748.0
=008  920621s1912\\\\waua\\\\\\\\\\000\0\eng\\
=010  \\$a   12002476 
=016  7\$aCAT10518591$2DNAL
=035  \\$a416412
=035  \\$a(OCoLC)18819962
=035  \\$a(DNAL)416412-naldb-Voyager
=040  \\$aDLC$beng$cDLC$dAGL$dRQI$dOCLCF$dOCLCQ$dOCLCO$dOCLCQ
=042  \\$apremarc
=049  \\$aRQIA
=050  00$aSF487$b.W8
=070  0\$a47$bW83
=072  \0$aL100
=100  1\$aWolvin, Wallace V.,$d1861-
=245  10$a{dollar}100 hen, how to get her,$cby Dr. Wallace V. Wolvin.
=260  \\$aSpokane, Wash.,$bPrinting by Farm & orchard Pub. Co.,$c©1912.
=300  \\$a2 preliminary leaves, [3]-49 pages$billustrations$c19 cm
=336  \\$atext$btxt$2rdacontent
=337  \\$aunmediated$bn$2rdamedia
=338  \\$avolume$bnc$2rdacarrier
=530  \\$aAlso available in digital form on the Internet Archive Web site.
=591  \\$bNAL Reclamation
=593  \\$fAgricola CAT
=650  \0$aPoultry.$0http://id.loc.gov/authorities/subjects/sh85105892
=655  \3$aInternet resource.
=776  08$iOnline version:$aWolvin, Wallace V., 1861-$t{dollar}100 hen, how to get her.$dSpokane, Wash., Printing by Farm & orchard pub. co., ©1912$w(OCoLC)784089616
=856  41$uhttps://archive.org/details/100henhowtogethe00wolv_0
=912  \\$analcatalog
=930  \\$a20140702$b20140807$c00000000
=945  \\$aDigiMet
=945  \\$p60
=946  \\$aOther US
=994  \\$a92$bAGL

