=LDR  04104cas a2201597M  4500
=001  9915536979507426
=005  20240624191654.0
=008  001003d195419uudcuuu\\\\\\\\f0\\\\0eng\d
=016  7\$aCAT11084203$2DNAL
=035  \\$a852372
=035  \\$a(OCoLC)1289166037
=035  \\$a(DNAL)852372-naldb-Voyager
=040  \\$aAGL$beng$cAGL
=049  \\$aRQIC
=070  0\$a1.943$bF7625
=110  1\$aUnited States.$bOffice of Foreign Agricultural Relations.
=245  10$aForeign agriculture circular ... WFP.
=246  1\$iTitle varies, 1954-55:$aForeign agriculture circular: World agricultural situation
=246  1\$iTitle varies, 1956- :$aWorld agricultural situation
=260  \\$a[Washington, D.C.
=300  \\$av.$c27 cm.
=310  \\$aIrregular
=362  0\$a1-46- 1-53; 1954-1963. July 29, 1946-Jan. 1953; 1954-1962.
=362  1\$aCeased. Continued in other series.
=550  \\$aIssuing office varies: 1954-1961. U.S. Foreign Agricultural Service. 1962- U.S. Dept. of Agriculture. Economic Research Service.
=580  \\$aSupersedes its World food situation (1.943 W893).
=591  \\$bNAL Reclamation
=593  \\$fAgricola CAT
=650  \0$aFood supply$vPeriodicals.
=710  1\$aUnited States.$bForeign Agricultural Service.
=710  1\$aUnited States.$bDepartment of Agriculture.$bEconomic Research Service.
=710  12$aUnited States.$bForeign agricultural service.$tForeign agriculture circular.$pFATP.
=710  12$aUnited States.$bOffice of Foreign Agricultural Relations.$tWorld agricultural situation.$pSupplement.
=710  12$aUnited States.$bDepartment of Agriculture.$tForeign agricultural economic report, no. 14.
=780  00$aUnited States. Office of Foreign Agricultural Relations.$tWorld food situation
=856  41$uhttps://archive.org/details/usda-foreignagriculturecircularsugar
=912  \\$analcatalog
=930  \\$a20140519$b20140606$c00000000
=945  \\$aDigiMet
=945  \\$vpt. 1
=945  \\$p34
=945  \\$aDigiMet
=945  \\$vpt. 2
=945  \\$p16
=945  \\$aDigiMet
=945  \\$vpt. 3
=945  \\$p122
=945  \\$aDigiMet
=945  \\$vpt. 4
=945  \\$p38
=945  \\$aDigiMet
=945  \\$vpt. 5
=945  \\$p66
=945  \\$aDigiMet
=945  \\$vpt. 6
=945  \\$p68
=945  \\$aDigiMet
=945  \\$vpt. 7
=945  \\$p10
=945  \\$aDigiMet
=945  \\$vpt. 8
=945  \\$p10
=945  \\$aDigiMet
=945  \\$vpt. 9
=945  \\$p10
=945  \\$aDigiMet
=945  \\$vpt. 10
=945  \\$p10
=945  \\$aDigiMet
=945  \\$vpt. 11
=945  \\$p16
=945  \\$aDigiMet
=945  \\$vpt. 12
=945  \\$p84
=945  \\$aDigiMet
=945  \\$vpt. 13
=945  \\$p76
=945  \\$aDigiMet
=945  \\$vpt. 14
=945  \\$p10
=945  \\$aDigiMet
=945  \\$vpt. 15
=945  \\$p42
=945  \\$aDigiMet
=945  \\$vpt. 16
=945  \\$p70
=945  \\$aDigiMet
=945  \\$vpt. 17
=945  \\$p86
=945  \\$aDigiMet
=945  \\$vpt. 18
=945  \\$p100
=945  \\$aDigiMet
=945  \\$vpt. 19
=945  \\$p48
=945  \\$aDigiMet
=945  \\$vpt. 20
=945  \\$p64
=945  \\$aDigiMet
=945  \\$vpt. 21
=945  \\$p56
=945  \\$aDigiMet
=945  \\$vpt. 22
=945  \\$p56
=945  \\$aDigiMet
=945  \\$vpt. 23
=945  \\$p56
=945  \\$aDigiMet
=945  \\$vpt. 24
=945  \\$p60
=945  \\$aDigiMet
=945  \\$vpt. 25
=945  \\$p48
=945  \\$aDigiMet
=945  \\$vpt. 26
=945  \\$p60
=945  \\$aDigiMet
=945  \\$vpt. 27
=945  \\$p84
=945  \\$aDigiMet
=945  \\$vpt. 28
=945  \\$p64
=945  \\$aDigiMet
=945  \\$vpt. 29
=945  \\$p66
=945  \\$aDigiMet
=945  \\$vpt. 30
=945  \\$p84
=945  \\$aDigiMet
=945  \\$vpt. 31
=945  \\$p58
=946  \\$aUSDA
=959  \\$c2014-10-03$essouder$gurl
=959  \\$c2013-04-02$essouder$gap
=959  \\$c2014-05-19$ergallett$gaccadd
=994  \\$a92$bAGL

