=LDR  01999cam a2200493Ia 4500
=001  9915537032107426
=005  20240620131956.0
=008  910815s1896\\\\dcu\\\\\\b\\\f000\0\eng\c
=010  \\$aagr09000226 
=016  7\$aCAT10625997$2DNAL
=035  \\$a520060
=035  \\$a(OCoLC)20906341
=035  \\$a(DNAL)520060-naldb-Voyager
=040  \\$aLibrary, U.S. Dept. of Agriculture$beng$cABC$dABC$dAGL$dOCLCQ$dISL$dFUG$dNUI$dORE$dOCLCA$dOCLCQ$dOCLCF
=049  00$aRQIA
=050  \0$aSB623$b.A2 no. 10
=070  0\$a423$bEv1
=072  \0$aF100
=086  0\$aA 28.3:10
=100  1\$aEvans, Walter H.$q(Walter Harrison),$d1863-$0http://id.loc.gov/authorities/names/no2009189638
=245  10$aCopper sulphate and germination :$btreatment of seed with copper sulphate to prevent the attacks of fungi /$cby Walter H. Evans.
=260  \\$aWashington :$bG.P.O.,$c1896.
=300  \\$a24 pages ;$c23 cm.
=336  \\$atext$btxt$2rdacontent
=337  \\$aunmediated$bn$2rdamedia
=338  \\$avolume$bnc$2rdacarrier
=490  1\$aBulletin / U.S. Department of Agriculture, Division of Vegetable Physiology and Pathology ;$vno. 10
=504  \\$aIncludes bibliographical references.
=591  \\$bNAL Reclamation
=593  \\$fAgricola CAT
=650  \0$aSeed treatment.$0http://id.loc.gov/authorities/subjects/sh98000532
=650  \0$aCopper sulfate.$0http://id.loc.gov/authorities/subjects/sh85032394
=650  \0$aGermination$xEffect of sulfates on.
=650  \0$aPhytopathogenic fungi$xEffect of sulfates on.
=655  \3$aInternet resource.
=710  1\$aUnited States.$bDivision of Vegetable Physiology and Pathology.$0http://id.loc.gov/authorities/names/n81129758
=830  \0$aBulletin (United States. Division of Vegetable Physiology and Pathology) ;$vno. 10.
=856  41$uhttps://archive.org/details/coppersulphatege10evan
=912  \\$analcatalog
=930  \\$a20140305$b20140404$c00000000
=945  \\$aDigiMet
=945  \\$p32
=946  \\$aOther US
=994  \\$a92$bAGL

