=LDR  04417cas a22015011a 4500
=001  9915537085807426
=005  20240624191718.0
=008  001003d19351938dcumr\p\\\\\\f0\\\a0eng\c
=010  \\$a   46045283 $zsn 85018203 
=016  7\$aCAT11084215$2DNAL
=035  \\$a852384
=035  \\$a(OCoLC)01586715
=035  \\$a(DNAL)852384-naldb-Voyager
=040  \\$aMUL$beng$cMUL$dNYG$dDLC$dAMAZN$dOCLCQ$dAGL$dOCLCF$dOCLCO$dOCLCQ$dNPI
=042  \\$apcc$apremarc
=043  \\$an-us---
=049  \\$aAGLL
=050  00$aHD183.A35$bA36
=070  0\$a1.95$bL22
=245  00$aLand policy circular.
=260  \\$aWashington :$bResettlement Administration,$c1935-1938.
=300  \\$a4 volumes :$billustrations ;$c26 cm
=310  \\$aMonthly
=336  \\$atext$btxt$2rdacontent
=337  \\$aunmediated$bn$2rdamedia
=338  \\$avolume$bnc$2rdacarrier
=362  0\$aJune 1935-Apr. 1938.
=525  \\$aSupplements: July, Oct. and Dec. 1935.
=550  \\$aCirculars for June 1935-May 1936, Feb.-June 1937 issued by the U.S. Resettlement Administration; June 1936-Jan., July-Aug. 1937, by the Division of Land Utilization of the U.S. Resettlement Administration; Sept. 1937 by the Division of Land Policy Utilization of the U.S. Farm Security Administration; Oct. 1937, by the Division of Land Utilization of the U.S. Farm Security Administration and the U.S. Bureau of Agricultural Economics; Nov. 1937-Apr. 1938, by the U.S. Bureau of Agricultural Economics.
=580  \\$aContinues: Land policy review, issued by the U.S. Agricultural Adjustment Administration.
=580  \\$aContinued by: Land policy review (Washington, D.C. : 1938).
=591  \\$bNAL Reclamation
=593  \\$fAgricola CAT
=650  \0$aLand use$zUnited States.
=650  \0$aAgriculture$xEconomic aspects$zUnited States.
=651  \7$aUnited States.$2fast$0(OCoLC)fst01204155
=655  \3$aInternet resource.
=710  1\$aUnited States.$bResettlement Administration.$0http://id.loc.gov/authorities/names/n84055092
=710  1\$aUnited States.$bFarm Security Administration.$0http://id.loc.gov/authorities/names/n50067296
=710  1\$aUnited States.$bBureau of Agricultural Economics.$0http://id.loc.gov/authorities/names/n80060900
=776  08$iOnline version:$tLand policy circular$w(OCoLC)561973405
=780  10$tLand policy review$w(DLC)   36006501$w(OCoLC)1780383
=785  10$tLand policy review (Washington, D.C. : 1938)$w(DLC)agr38000364$w(OCoLC)1605807
=850  \\$aDLC
=856  41$uhttps://archive.org/details/usda-landpolicycircular
=912  \\$analcatalog
=930  \\$a20140411$b20140502$c00000000
=938  \\$aAMAZON$bAMZN$nB002WYK1NI
=939  \\$a20130806$b20130906$c00000000
=945  \\$aDigiMet
=945  \\$p48
=945  \\$aDigiMet
=945  \\$p54
=945  \\$aDigiMet
=945  \\$p40
=945  \\$aDigiMet
=945  \\$p44
=945  \\$aDigiMet
=945  \\$p40
=945  \\$aDigiMet
=945  \\$p40
=945  \\$aDigiMet
=945  \\$p40
=945  \\$aDigiMet
=945  \\$p40
=945  \\$aDigiMet
=945  \\$p40
=945  \\$aDigiMet
=945  \\$p48
=945  \\$aDigiMet
=945  \\$p42
=945  \\$aDigiMet
=945  \\$p78
=945  \\$aDigiMet
=945  \\$p38
=945  \\$aDigiMet
=945  \\$p34
=945  \\$aDigiMet
=945  \\$p52
=945  \\$aDigiMet
=945  \\$p42
=945  \\$aDigiMet
=945  \\$p46
=945  \\$aDigiMet
=945  \\$p38
=945  \\$aDigiMet
=945  \\$p40
=945  \\$aDigiMet
=945  \\$p36
=945  \\$aDigiMet
=945  \\$p42
=945  \\$aDigiMet
=945  \\$p44
=945  \\$aDigiMet
=945  \\$p42
=945  \\$aDigiMet
=945  \\$p46
=945  \\$aDigiMet
=945  \\$p48
=945  \\$aDigiMet
=945  \\$p48
=945  \\$aDigiMet
=945  \\$p40
=945  \\$aDigiMet
=945  \\$p36
=945  \\$aDigiMet
=945  \\$p44
=945  \\$aDigiMet
=945  \\$p46
=945  \\$aDigiMet
=945  \\$p38
=945  \\$aDigiMet
=945  \\$p38
=945  \\$aDigiMet
=945  \\$p44
=945  \\$aDigiMet
=945  \\$p40
=945  \\$aDigiMet
=945  \\$p50
=945  \\$aDigiMet
=945  \\$p40
=945  \\$aDigiMet
=945  \\$p40
=945  \\$aDigiMet
=945  \\$p44
=946  \\$aUSDA
=959  \\$c2013-08-06$ergallett$gupgrade
=994  \\$a92$bAGL

