=LDR  01487cas a2200421   4500
=001  9915537101407426
=005  20240620132034.0
=008  001003u1923uuuudcuuu\\\\s\\\f0\\\\0eng\d
=016  7\$aCAT11084056$2DNAL
=035  \\$a852183
=035  \\$a(OCoLC)46725759
=035  \\$a(DNAL)852183-naldb-Voyager
=040  \\$aNYP$beng$cNYP$dOCLCQ$dSTF$dOCLCO$dOCLCF$dOCLCQ$dOCLCO$dOCLCQ$dAGL
=043  \\$an-us---
=049  \\$aRQIC
=070  0\$a1.9$bEc752S
=110  1\$aUnited States.$bBureau of Agricultural Economics.$0http://id.loc.gov/authorities/names/n80060900
=245  10$aSummary of statistics of agricultural exports and imports to be considered in adjusting agricultural production to foreign demand.
=260  \\$aWashington.
=300  \\$avolumes$c8vo
=336  \\$atext$btxt$2rdacontent
=337  \\$aunmediated$bn$2rdamedia
=338  \\$avolume$bnc$2rdacarrier
=362  0\$ano. [1]- ; 1923-
=591  \\$bNAL Reclamation
=593  \\$fAgricola CAT
=650  \0$aProduce trade$zUnited States$vStatistics.
=651  \0$aUnited States$xCommerce$vStatistics.$0http://id.loc.gov/authorities/subjects/sh85139977
=651  \7$aUnited States.$2fast$0(OCoLC)fst01204155
=655  \3$aInternet resource.
=655  \7$aStatistics.$2fast$0(OCoLC)fst01423727
=856  41$uhttps://archive.org/details/summaryofagricul00unit
=912  \\$analcatalog
=930  \\$a20140505$b00000000$c00000000
=945  \\$aDigiMet
=945  \\$p86
=946  \\$aUSDA
=994  \\$a92$bAGL

