=LDR  02093cas a2200793M  4500
=001  9915537117807426
=005  20240621223219.0
=008  001003d194719uudcuuu\\\\\\\\f0\\\\0eng\d
=016  7\$aCAT11084204$2DNAL
=035  \\$a852373
=035  \\$a(OCoLC)1288998038
=035  \\$a(DNAL)852373-naldb-Voyager
=040  \\$aAGL$beng$cAGL
=049  \\$aRQIC
=070  0\$a1.943$bF7628
=110  1\$aUnited States.$bOffice of Foreign Agricultural Relations.
=245  10$aForeign agriculture circular ... FR.
=246  1\$iTitle varies, 1957, no. 7- July 7, 1957- :$aForeign agricultural circular.$pRice.$pFR
=246  30$aRice
=246  30$aFR
=260  \\$aWashington, D.C.
=300  \\$av.$c27 cm.
=362  0\$a1-47- Feb. 10, 1947-
=362  1\$aCeased.
=550  \\$aIssuing office varies: 1953, no. 3- Mar. 9, 1953- U.S. Foreign Agricultural Service.
=580  \\$aSeries discontinued with no. 5, 1977. Merged with Foreign agriculture circular. Grains FG (1.943 F7633).
=591  \\$bNAL Reclamation
=593  \\$fAgricola CAT
=655  \3$aInternet resource.
=710  1\$aUnited States.$bForeign Agricultural Service.
=785  00$tForeign agriculture circular. Grains FG
=856  41$uhttps://archive.org/details/usda-foreignagriculturecircularsugar
=912  \\$analcatalog
=930  \\$a20140902$b00000000$c00000000
=945  \\$aDigiMet
=945  \\$vpt. 1
=945  \\$p42
=945  \\$aDigiMet
=945  \\$vpt. 2
=945  \\$p88
=945  \\$aDigiMet
=945  \\$vpt. 3
=945  \\$p102
=945  \\$aDigiMet
=945  \\$vpt. 4
=945  \\$p88
=945  \\$aDigiMet
=945  \\$vpt. 5
=945  \\$p72
=945  \\$aDigiMet
=945  \\$vpt. 6
=945  \\$p64
=945  \\$aDigiMet
=945  \\$vpt. 7
=945  \\$p78
=945  \\$aDigiMet
=945  \\$vpt. 8
=945  \\$p38
=945  \\$aDigiMet
=945  \\$vpt. 9
=945  \\$p64
=945  \\$aDigiMet
=945  \\$vpt. 10
=945  \\$p72
=945  \\$aDigiMet
=945  \\$vpt. 11
=945  \\$p34
=946  \\$aUSDA
=994  \\$a92$bAGL

