=LDR  01468cas a22004572a 4500
=001  9915537119307426
=005  20240624191717.0
=008  001003d19uu1954iluuu\\\\\\\\f0\\\\0eng\d
=016  7\$aCAT11084112$2DNAL
=035  \\$a852238
=035  \\$a(OCoLC)821848093
=035  \\$a(DNAL)852238-naldb-Voyager
=040  \\$aAGL$beng$cAGL$dOCLCO$dOCLCQ$dOCLCO$dOCLCF$dOCLCA$dAGL
=043  \\$an-us---
=049  \\$aAGLL
=070  0\$a1.956$bA2Un3247
=245  00$aUSDA news in Chicago.
=260  \\$aChicago :$bUSDA Club
=336  \\$atext$btxt$2rdacontent
=337  \\$aunmediated$bn$2rdamedia
=362  1\$aCeased early in 1954. cf. letter from issuing office, Nov. 3, 1954.
=591  \\$bNAL Reclamation
=593  \\$fAgricola CAT
=610  10$aUnited States.$bDepartment of Agriculture$vPeriodicals.
=610  17$aUnited States.$bDepartment of Agriculture$2fast$0(OCoLC)fst01852329
=655  \3$aInternet resource.
=655  \7$aPeriodicals.$2fast$0(OCoLC)fst01411641
=710  2\$aChicago USDA Club.
=856  41$uhttps://archive.org/details/usdanewsinchicag1953chic/mode/2up?ref=ol&view=theater
=912  \\$analcatalog
=930  \\$a20211020$b00000000$c00000000
=945  \\$aDigiMet
=945  \\$p12
=945  \\$aDigiMet
=945  \\$p14
=946  \\$aUSDA
=959  \\$c2013-09-06$essouder$gurl
=959  \\$c2013-04-02$essouder$gap
=959  \\$c2012-12-18$ergallett$gupgrade
=959  \\$c2021-10-20$earojas$gupgrade
=994  \\$a92$bAGL

