=LDR  01324cas a22004212  4500
=001  9915537132207426
=005  20240624191711.0
=008  001003d19uu19uuxxuuu\\\\\\\\f0\\\\1eng\d
=016  7\$aCAT11084249$2DNAL
=035  \\$91084-24960
=035  \\$a852302
=035  \\$a(DNAL)852302-naldb-Voyager
=040  \\$aAGL$dAGL
=049  \\$aRQIC
=070  0\$a1.9$bP698V
=110  1\$aUnited States.$bBureau of Plant Industry.$bOffice of Vegetable and Forage Diseases.
=245  14$aThe V. & F. pathologist.
=362  1\$aCeased.
=500  \\$aV. 1-2, no. 3; Dec. 15, 1927-Feb. 1, 1929.
=580  \\$aCont'd by Office of horticultural crops and diseases. Semi-monthly news letter. 1.9 P772.
=593  \\$fAgricola CAT
=650  \0$aPlant diseases.
=650  \0$aVegetables$xDiseases and pests.
=650  \0$aFruit$xDiseases and pests.
=655  \3$aInternet resource
=785  00$aOffice of Horticultural Crops and Diseases.$tSemimonthly news letter
=856  41$uhttps://archive.org/details/usda-semimonthlynewsletter
=912  \\$analcatalog
=930  \\$a20140812$b20140905$c00000000
=939  \\$a20140314$b20140404$c00000000
=945  \\$aDigiMet
=945  \\$vpt. 1
=945  \\$p160
=945  \\$aDigiMet
=945  \\$vpt. 2
=945  \\$p30
=946  \\$aUSDA
=959  \\$c2014-03-14$ejgilbert$gsubjadd

