=LDR  02591cam a2200625Ia 4500
=001  9915537468407426
=005  20240624191739.0
=008  990831s1999\\\\pauab\\\\s\\\f000\0\eng\\
=016  7\$aCAT10876773$2DNAL
=035  \\$a835425
=035  \\$a(OCoLC)42240610
=035  \\$a(DNAL)835425-naldb-Voyager
=040  \\$aAGL$beng$cAGL$dOCLCQ$dOCLCF$dOCLCQ$dOCLCO$dYUS$dAGL
=043  \\$an-use--
=049  \\$aAGLL
=050  \0$aSD11$b.U652 no.144, 1999
=070  0\$aA99.9$bF7622Uf no. 144
=072  \0$aK530
=086  0\$aA 13.80:NE-144
=100  1\$aWidmann, Richard H.
=245  10$aPulpwood production in the Northeast, 1997 /$cRichard H. Widmann, Douglas M. Griffith.
=260  \\$aRadnor, PA :$bU.S. Dept. of Agriculture, Forest Service, Northeastern Research Station,$c[1999]
=300  \\$a20 pages :$billustrations, map ;$c28 cm.
=336  \\$atext$btxt$2rdacontent
=337  \\$aunmediated$bn$2rdamedia
=338  \\$avolume$bnc$2rdacarrier
=490  1\$aResource bulletin NE ;$v144
=530  \\$aAlso available online.
=530  \\$aAlso available via remote access.
=530  \\$aLibrary also holds microfiche, Washington, DC : Supt. of Docs., U.S. G.P.O., 2003 . 1 microfiches ; negative (NAL call no.: S-133 (A 13.80/3:997)
=591  \\$bNAL Reclamation
=593  \\$fAgricola CAT
=650  \0$aPulpwood industry$zNortheastern States$vStatistics.
=651  \7$aNortheastern States.$2fast$0(OCoLC)fst01242521
=655  \3$aInternet resource.
=655  \7$aStatistics.$2fast$0(OCoLC)fst01423727
=700  1\$aGriffith, Douglas M.
=710  1\$aUnited States.$bForest Service.$bNortheastern Research Station.$0http://id.loc.gov/authorities/names/no98081992
=776  08$iOnline version:$aWidmann, Richard H.$tPulpwood production in the Northeast, 1997.$dRadnor, PA : U.S. Dept. of Agriculture, Forest Service, Northeastern Research Station, [1999]$w(OCoLC)623593773
=830  \0$aResource bulletin NE ;$v144.
=856  41$uhttp://www.fs.fed.us/ne/newtown_square/publications/resource_bulletins/pdfs/1999/rbne144.pdf?
=856  41$uhttps://archive.org/details/pulpwoodproducti144widm
=912  \\$analcatalog
=930  \\$a20210804$b00000000$c00000000
=939  \\$a20140207$b20140307$c00000000
=939  \\$a20041101$b20041201$c00000000
=939  \\$a20001231$b20010109$c00000000
=939  \\$a19990901$b19990909$c00000000
=939  \\$a20001215$b00000000$c00000000
=945  \\$dRLG$e99/08/25$fSES$g99/08/31$n1
=945  \\$p30
=945  \\$aDigiMet
=946  \\$aUSDA
=959  \\$c2021-08-04$earojas$gupgrade
=994  \\$a92$bAGL

