=LDR  01744cam a2200517Ia 4500
=001  9915537781707426
=005  20240624191801.0
=008  900615s1931\\\\dcua\\\\\b\\\s000\0\eng\c
=010  \\$aagr31000685 
=016  7\$aCAT10396417$2DNAL
=035  \\$a467590
=035  \\$a(OCoLC)04264832
=035  \\$a(DNAL)467590-naldb-Voyager
=040  \\$aLibrary, U.S. Dept. of Agriculture$beng$cIXA$dIXA$dAGL$dOCLCQ$dMTG$dOCLCF$dOCLCQ$dOCLCO$dOCLCA
=043  \\$an-us-ak
=049  \\$aAGLY
=050  10$aS33$b.E2 no.9
=070  0\$a100$bAl122b no.9
=072  \0$aF110
=100  1\$aAlberts, H. W.$q(Hugo William),$d1889-
=245  14$aThe potato in Alaska /$cby H.W. Alberts.
=260  \\$aSitka :$bAlaska Agricultural Experiment Stations,$c1931.
=300  \\$a19 pages :$billustrations ;$c24 cm.
=336  \\$atext$btxt$2rdacontent
=337  \\$aunmediated$bn$2rdamedia
=338  \\$avolume$bnc$2rdacarrier
=490  1\$aBulletin / Alaska Agricultural Experiment Station ;$vno. 9
=504  \\$aIncludes bibliographical references (pages 17-19).
=591  \\$bNAL Reclamation
=593  \\$fAgricola CAT
=650  \0$aPotatoes$zAlaska.
=651  \7$aAlaska.$2fast$0(OCoLC)fst01204480
=655  \3$aInternet resource.
=830  \0$aBulletin (Alaska Agricultural Experiment Stations (U.S.)) ;$vno. 9.
=841  \\$ax   $b9006070u    0   4   uu   1900607$ez
=852  \\$aDNAL$i100 Al122b no.9
=856  41$uhttps://archive.org/details/potatoinalaska09albe
=912  \\$analcatalog
=930  \\$a20140702$b20140807$c00000000
=939  \\$a20130417$b20130503$c00000000
=945  \\$aUIU
=945  \\$p26
=945  \\$aDigiMet
=946  \\$aState Experiment Station
=959  \\$c2013-04-17$essouder$gde
=994  \\$a92$bAGL

