=LDR  02259cam a2200541Ia 4500
=001  9915537811807426
=005  20240624191802.0
=008  900626s1989\\\\dcua\\\\\\\\\f000\0\eng\\
=016  7\$aCAT10398141$2DNAL
=035  \\$a467265
=035  \\$a(OCoLC)21349284
=035  \\$a(DNAL)467265-naldb-Voyager
=040  \\$aAGL$beng$cAGL$dUIU$dOCLCQ$dOCLCO$dOCLCA$dOCLCF$dOCLCQ$dOCLCO$dOCLCA$dAGL
=043  \\$an-us---
=049  \\$aAGLL
=050  \0$aHD1761$b.H83 1989
=070  0\$a1$bAg84M no.1476
=072  \0$aE100
=100  1\$aHudson, William J.
=245  14$aThe basic mechanisms of U.S. farm policy.$nPart two,$pDeficiency payments, certificates, and PIK & roll.
=246  3\$aDeficiency payments, certificates, and PIK & roll
=260  \\$a[Washington, D.C.?] :$bU.S. Dept. of Agriculture, Economic Research Service,$c[1989?]
=300  \\$a30 pages :$billustrations ;$c23 cm.
=336  \\$atext$btxt$2rdacontent
=337  \\$aunmediated$bn$2rdamedia
=338  \\$avolume$bnc$2rdacarrier
=490  1\$aMiscellaneous publication ;$vno. 1476
=591  \\$bNAL Reclamation
=593  \\$fAgricola CAT
=650  \0$aAgriculture and state$zUnited States.$0http://id.loc.gov/authorities/subjects/sh85002491
=650  \0$aAgricultural credit$zUnited States.
=650  \0$aAgriculture$xEconomic aspects$zUnited States.
=651  \7$aUnited States.$2fast$0(OCoLC)fst01204155
=655  \3$aInternet resource.
=710  1\$aUnited States.$bDepartment of Agriculture.$bEconomic Research Service.
=776  08$iOnline version:$aHudson, William J.$tBasic mechanisms of U.S. farm policy. Part two, Deficiency payments, certificates, and PIK & roll.$d[Washington, D.C.?] : U.S. Dept. of Agriculture, Economic Research Service, [1989?]$w(OCoLC)1019912436
=830  \0$aMiscellaneous publication (United States. Department of Agriculture) ;$vno. 1476.
=841  \\$ax$b9006070u    0   4   uu   1900607$ez
=852  \\$aDNAL$i1 Ag84M no.1476
=856  41$uhttps://archive.org/details/basicmechanismso1476huds
=912  \\$analcatalog
=930  \\$a20140305$b20140404$c00000000
=945  \\$dSS$e90/04/09$fSS$g90/04/09$n1
=945  \\$p38
=945  \\$aDigiMet
=946  \\$aUSDA
=959  \\$c2013-04-02$essouder$gap
=994  \\$a92$bAGL

