=LDR  01212cas a2200397M  4500
=001  9915537843807426
=005  20240624191816.0
=008  001121d19uu19uudcuuu\\\\\\\\f0\\\\0eng\d
=016  7\$aCAT11089038$2DNAL
=035  \\$a844475
=035  \\$a(OCoLC)1289004706
=035  \\$a(DNAL)844475-naldb-Voyager
=040  \\$aAGL$beng$cAGL
=049  \\$aRQIC
=070  0\$a1.9$bM3412
=110  1\$aUnited States.$bBureau of Markets.$bRadio Market News Service.
=245  10$aRadio information circular.
=260  \\$aWashington.
=362  0\$ano. 1, June 15, 1921-Apr. 15, 1922.
=362  1\$aCeased.
=591  \\$bNAL Reclamation
=593  \\$fAgricola CAT
=650  \0$aAgricultural estimating and reporting$zUnited States.
=650  \0$aRadio journalism$zUnited States.
=655  \3$aInternet resource.
=710  1\$aUnited States.$bBureau of Standards.
=710  1\$aUnited States.$bBureau of Markets.
=856  41$uhttps://archive.org/details/radioinformation01unit
=912  \\$analcatalog
=930  \\$a20140902$b20141003$c00000000
=939  \\$a20140508$b20140606$c00000000
=945  \\$aDigiMet
=945  \\$p42
=946  \\$aUSDA
=959  \\$c2014-05-08$ergallett$gaccadd
=994  \\$a92$bAGL

