=LDR  07867cas a2203109M  4500
=001  9915537853107426
=005  20240624191820.0
=008  001205d191919uudcu\u\\\\\\\\f0\\\\0eng\d
=016  7\$aCAT11090715$2DNAL
=035  \\$a844155
=035  \\$a(OCoLC)1289089013
=035  \\$a(DNAL)844155-naldb-Voyager
=040  \\$aAGL$beng$cAGL
=049  \\$aRQIC
=070  0\$a1.9$bSt2F
=110  1\$aUnited States.$bOffice of Foreign Agricultural Relations.
=245  10$aForeign crops and markets.
=246  1\$iTitle varies, Mar. 13, 1919-Feb. 15, 1922:$aForeign crops and live stock reports
=260  \\$a[Washington]
=310  \\$aFrequency varies
=362  0\$av.1-v.85, no. 26. Mar. 13, 1919-Dec. 24, 1962.
=550  \\$aIssuing office varies: v. 66, no. 12-v. 86,no. 26, Mar. 23, 1953-Dec. 24. 1962. U. S. Foreign Agricultural Service.
=550  \\$aNos. 1-55, Apr. 1, 1919-June 30, 1921 issued by U.S. Bureau of crop estimates; no. 56-v.4, by U.S. Bureau of markets and crop estimates; v. 22-v.37, Jan. 1931-Dec. 1938, by U.S. Bureau of agricultural economics. Foreign agricultural services; v. 38, Jan.-June 1939, by U.S. Dept. of agricultural service; v. 38, Jan.-June 1939, by U.S. Dept. of agricultural. Foreign agricultural service; v. 39-v.66, no. 11, July 1, 1939-March 16, 1953, by U.S. Office of foreign agricultural relations.
=580  \\$aTitle varies: Mar. 13, 1919-Feb. 15, 1922, Foreign crops and live stock reports. Mar. 1, 1922-Dec. 24, 1962. Foreign crops and markets.
=580  \\$aSuperseded by U. S. Foreign Agricultural Service. Foreign agriculture, including foreign crops and markets (A281.9 F7F6o).
=580  \\$aInformation previously issued as part of this series, now included in U.S. Foreign Agricultural Service. Foreign agricultural trade digest of the United States (A286.9 F76).
=591  \\$bNAL Reclamation
=593  \\$fAgricola CAT
=650  \0$aProduce trade$vStatistics$vPeriodicals.
=650  \0$aFood industry and trade$vStatistics$vPeriodicals.
=655  \3$aInternet resource.
=710  1\$aUnited States.$bBureau of Crop Estimates.
=710  1\$aUnited States.$bBureau of Markets and Crop Estimates.
=710  1\$aUnited States.$bBureau of Agricultural Economics.$bForeign Agricultural Services.
=710  1\$aUnited States.$bForeign Agricultural Service.
=710  1\$aUnited States.$bOffice of Foreign Agricultural Relations.
=710  12$aUnited States.$bOffice of Foreign Agricultural Relations.$tForeign Crops and Markets. World Summaries: Crops and Livestock.
=740  02$aForeign agriculture.
=740  02$aUnited States foreign trade in agricultural products.
=740  02$aForeign agricultural trade.
=785  00$aUnited States. Foreign Agricultural Service.$tForeign agricultural trade digest of the United States
=785  00$aUnited States. Foreign Agricultural Service.$tForeign agricultural, including foreign crops and markets
=856  41$uhttps://archive.org/details/usda-foreigncropsmarkets
=912  \\$analcatalog
=930  \\$a20140702$b20140807$c00000000
=939  \\$a20140109$b20140207$c00000000
=945  \\$aDigiMet
=945  \\$vpt. 1
=945  \\$p12
=945  \\$aDigiMet
=945  \\$vpt. 3
=945  \\$p14
=945  \\$aDigiMet
=945  \\$vpt. 4
=945  \\$p10
=945  \\$aDigiMet
=945  \\$vpt. 5
=945  \\$p10
=945  \\$aDigiMet
=945  \\$vpt. 6
=945  \\$p10
=945  \\$aDigiMet
=945  \\$vpt. 7
=945  \\$p10
=945  \\$aDigiMet
=945  \\$vpt. 8
=945  \\$p10
=945  \\$aDigiMet
=945  \\$vpt. 9
=945  \\$p10
=945  \\$aDigiMet
=945  \\$vpt. 10
=945  \\$p12
=945  \\$aDigiMet
=945  \\$vpt. 11
=945  \\$p14
=945  \\$aDigiMet
=945  \\$vpt. 12
=945  \\$p10
=945  \\$aDigiMet
=945  \\$vpt. 13
=945  \\$p10
=945  \\$aDigiMet
=945  \\$vpt. 14
=945  \\$p10
=945  \\$aDigiMet
=945  \\$vpt. 15
=945  \\$p10
=945  \\$aDigiMet
=945  \\$vpt. 16
=945  \\$p16
=945  \\$aDigiMet
=945  \\$vpt. 17
=945  \\$p8
=945  \\$aDigiMet
=945  \\$vpt. 18
=945  \\$p8
=945  \\$aDigiMet
=945  \\$vpt. 19
=945  \\$p10
=945  \\$aDigiMet
=945  \\$vpt. 20
=945  \\$p10
=945  \\$aDigiMet
=945  \\$vpt. 21
=945  \\$p14
=945  \\$aDigiMet
=945  \\$vpt. 22
=945  \\$p11
=945  \\$aDigiMet
=945  \\$vpt. 23
=945  \\$p10
=945  \\$aDigiMet
=945  \\$vpt. 24
=945  \\$p10
=945  \\$aDigiMet
=945  \\$vpt. 25
=945  \\$p10
=945  \\$aDigiMet
=945  \\$vpt. 26
=945  \\$p10
=945  \\$aDigiMet
=945  \\$vpt. 27
=945  \\$p10
=945  \\$aDigiMet
=945  \\$vpt. 28
=945  \\$p10
=945  \\$aDigiMet
=945  \\$vpt. 29
=945  \\$p14
=945  \\$aDigiMet
=945  \\$vpt. 30
=945  \\$p10
=945  \\$aDigiMet
=945  \\$vpt. 31
=945  \\$p8
=945  \\$aDigiMet
=945  \\$vpt. 32
=945  \\$p10
=945  \\$aDigiMet
=945  \\$vpt. 33
=945  \\$p16
=945  \\$aDigiMet
=945  \\$vpt. 34
=945  \\$p14
=945  \\$aDigiMet
=945  \\$vpt. 35
=945  \\$p18
=945  \\$aDigiMet
=945  \\$vpt. 36
=945  \\$p12
=945  \\$aDigiMet
=945  \\$vpt. 37
=945  \\$p10
=945  \\$aDigiMet
=945  \\$vpt. 38
=945  \\$p12
=945  \\$aDigiMet
=945  \\$vpt. 39
=945  \\$p18
=945  \\$aDigiMet
=945  \\$vpt. 40
=945  \\$p18
=945  \\$aDigiMet
=945  \\$vpt. 41
=945  \\$p8
=945  \\$aDigiMet
=945  \\$vpt. 42
=945  \\$p12
=945  \\$aDigiMet
=945  \\$vpt. 43
=945  \\$p12
=945  \\$aDigiMet
=945  \\$vpt. 44
=945  \\$p12
=945  \\$aDigiMet
=945  \\$vpt. 45
=945  \\$p14
=945  \\$aDigiMet
=945  \\$vpt. 46
=945  \\$p14
=945  \\$aDigiMet
=945  \\$vpt. 47
=945  \\$p14
=945  \\$aDigiMet
=945  \\$vpt. 48
=945  \\$p10
=945  \\$aDigiMet
=945  \\$vpt. 49
=945  \\$p20
=945  \\$aDigiMet
=945  \\$vpt. 50
=945  \\$p12
=945  \\$aDigiMet
=945  \\$vpt. 51
=945  \\$p12
=945  \\$aDigiMet
=945  \\$vpt. 52
=945  \\$p12
=945  \\$aDigiMet
=945  \\$vpt. 53
=945  \\$p12
=945  \\$aDigiMet
=945  \\$vpt. 54
=945  \\$p12
=945  \\$aDigiMet
=945  \\$vpt. 55
=945  \\$p12
=945  \\$aDigiMet
=945  \\$vpt. 56
=945  \\$p10
=945  \\$aDigiMet
=945  \\$vpt. 57
=945  \\$p12
=945  \\$aDigiMet
=945  \\$vpt. 58
=945  \\$p12
=945  \\$aDigiMet
=945  \\$vpt. 59
=945  \\$p10
=945  \\$aDigiMet
=945  \\$vpt. 60
=945  \\$p10
=945  \\$aDigiMet
=945  \\$vpt. 61
=945  \\$p16
=945  \\$aDigiMet
=945  \\$vpt. 62
=945  \\$p14
=945  \\$aDigiMet
=945  \\$vpt. 63
=945  \\$p12
=945  \\$aDigiMet
=945  \\$vpt. 64
=945  \\$p12
=945  \\$aDigiMet
=945  \\$vpt. 65
=945  \\$p12
=945  \\$aDigiMet
=945  \\$vpt. 66
=945  \\$p12
=945  \\$aDigiMet
=945  \\$vpt. 67
=945  \\$p14
=945  \\$aDigiMet
=945  \\$vpt. 68
=945  \\$p12
=945  \\$aDigiMet
=945  \\$vpt. 69
=945  \\$p14
=945  \\$aDigiMet
=945  \\$vpt. 70
=945  \\$p14
=945  \\$aDigiMet
=945  \\$vpt. 71
=945  \\$p16
=945  \\$aDigiMet
=945  \\$vpt. 72
=945  \\$p68
=946  \\$aOther US
=959  \\$c2014-01-09$ejgilbert$gsubjadd
=994  \\$a92$bAGL

