=LDR  02364cam a2200601 a 4500
=001  9915537955707426
=005  20240620103357.0
=008  960911s1996\\\\pauab\\\\bs\\f000\0\eng\\
=010  \\$a   96216803 
=016  7\$aCAT10755191$2DNAL
=035  \\$a784133
=035  \\$a(OCoLC)35444936
=035  \\$a(DNAL)784133-naldb-Voyager
=040  \\$aDNAL$beng$cDLC$dAGL$dCNO$dOCL$dOCLCQ$dBTCTA$dSPI$dOCLCO$dOCLCA$dOCLCF$dOCLCQ$dOCLCO$dCOD$dOCLCA
=042  \\$alccopycat
=043  \\$an-us---
=049  \\$aAGLL
=050  00$aSD387.L33$bB565 1996
=070  0\$aA99.9$bF7622Uf no.134
=072  \0$aE110
=072  \0$aK001
=086  0\$aA 13.80:NE-134
=100  1\$aBirch, Thomas W.$0http://id.loc.gov/authorities/names/n77011280
=245  10$aPrivate forest-land owners of the United States, 1994 /$cThomas W. Birch.
=260  \\$aRadnor, PA :$bUSDA Forest Service ;$aDelaware, OH :$bFor additional copies, USDA Forest Service,$c[1996]
=300  \\$a183 pages :$billustrations, maps ;$c28 cm.
=336  \\$atext$btxt$2rdacontent
=337  \\$aunmediated$bn$2rdamedia
=338  \\$avolume$bnc$2rdacarrier
=490  1\$aResource bulletin NE ;$v134
=504  \\$aIncludes bibliographical references (pages 9-10).
=591  \\$bNAL Reclamation
=593  \\$fAgricola CAT
=650  \0$aForest landowners$zUnited States$vStatistics.
=650  \0$aForests and forestry$zUnited States$vStatistics.
=650  \0$aLand tenure$zUnited States$vStatistics.
=651  \7$aUnited States.$2fast$0(OCoLC)fst01204155
=655  \3$aInternet resource.
=655  \7$aStatistics.$2fast$0(OCoLC)fst01423727
=710  1\$aUnited States.$bDepartment of Agriculture.
=710  2\$aNortheastern Forest Experiment Station (Radnor, Pa.)
=776  08$iOnline version:$aBirch, Thomas W.$tPrivate forest-land owners of the United States, 1994.$dRadnor, PA : USDA Forest Service ; Delaware, OH : For additional copies, USDA Forest Service, [1996]$w(OCoLC)630652748
=830  \0$aResource bulletin NE ;$v134.
=856  41$uhttps://archive.org/details/privateforestlan134birc
=912  \\$analcatalog
=930  \\$a20140207$b20140307$c00000000
=938  \\$aBaker and Taylor$bBTCP$n96216803
=939  \\$a19961002$b19961007$c00000000
=945  \\$dDF$e96/09/09$fVS$g96/09/11$n1
=945  \\$p196
=945  \\$aDigiMet
=946  \\$aUSDA
=994  \\$a92$bAGL

