=LDR  02366cam a2200661Ia 4500
=001  9915538048507426
=005  20240620103426.0
=008  000329s1993\\\\dcuab\\\\b\\\f000\0\eng\\
=016  7\$aCAT11065787$2DNAL
=035  \\$a844430
=035  \\$a(OCoLC)43644245
=035  \\$a(DNAL)844430-naldb-Voyager
=040  \\$aAGL$beng$cAGL$dOCLCQ$dOCLCO$dOCLCA$dOCLCF$dOCLCA$dAGM$dAGL
=043  \\$as-cl---$an-us---
=049  \\$aAGLL
=070  0\$a1$bAg84M no. 1517
=072  \0$aF830
=072  \0$aF831
=072  \0$aK001
=245  00$aPest risk assessment of the importation of Pinus radiata, Nothofagus dombeyi, and Laurelia philippiana logs from Chile.
=260  \\$a[Washington, D.C.] :$bU.S. Dept. of Agriculture, Forest Service,$c[1993]
=300  \\$aix, 247 pages :$billustrations, map ;$c28 cm.
=336  \\$atext$btxt$2rdacontent
=337  \\$aunmediated$bn$2rdamedia
=338  \\$avolume$bnc$2rdacarrier
=490  1\$aMiscellaneous publication ;$vno. 1517
=504  \\$aIncludes bibliographical references.
=591  \\$bNAL Reclamation
=593  \\$fAgricola CAT
=650  \0$aTimber$xDiseases and pests$xControl.
=650  \0$aTimber$zChile.
=650  \0$aLumber$xInspection$zUnited States.
=650  \0$aPinus radiata$xDiseases and pests$xControl.
=650  \0$aNothofagus dombeyi$xDiseases and pests$xControl.
=650  \0$aRisk assessment.$0http://id.loc.gov/authorities/subjects/sh87002638
=650  \3$aPinus radiata.
=650  \3$aNothofagus dombeyi.
=650  \3$aLaureliopsis philippiana.
=650  \3$aimport policies.
=650  \3$aforest pests.
=650  \3$adisease surveys.
=650  \3$aintroduced species.
=650  \3$aeconomic impact.
=651  \3$aChile.
=651  \7$aChile.$2fast$0(OCoLC)fst01205362
=651  \7$aUnited States.$2fast$0(OCoLC)fst01204155
=655  \3$aInternet resource.
=710  1\$aUnited States.$bForest Service.$0http://id.loc.gov/authorities/names/n79054932
=830  \0$aMiscellaneous publication (United States. Department of Agriculture) ;$vno. 1517.
=856  41$uhttps://archive.org/details/pestriskassessme1517unit
=912  \\$analcatalog
=930  \\$a20140305$b20140404$c00000000
=939  \\$a20000404$b20000411$c00000000
=945  \\$dRLG$e2000/03/16$fCMM$g2000/03/29
=945  \\$p270
=945  \\$aDigiMet
=946  \\$aUSDA
=994  \\$a92$bAGL

