=LDR  02099cam a2200529I  4500
=001  9915538435107426
=005  20240620103559.0
=008  800401s1968\\\\pauab\\\\\\\\f000\0\eng\d
=016  7\$aCAT10245601$2DNAL
=035  \\$a205495
=035  \\$a(OCoLC)01649634
=035  \\$a(DNAL)205495-naldb-Voyager
=040  \\$aYNG$beng$cYNG$dOCLCQ$dMTG$dNUI$dOCLCQ$dOCLCA$dOCLCF$dOCLCQ$dCOD$dOCL$dOCLCA$dAGM$dOCLCA$dWURST$dAGL
=043  \\$an-us-vt
=049  \\$aAGLL
=050  \0$aSD11$b.A455494 no.12
=070  \\$aA99.9$bF7622Uf no. 12
=072  \0$a4500
=086  0\$aA 13.80:NE-12
=100  1\$aKingsley, Neal P.$0http://id.loc.gov/authorities/names/n80002316
=245  14$aThe timber resources of Vermont.$cBy Neal P. Kingsley and Joseph E. Barnard.
=260  \\$a[Upper Darby, Pa.],$b[Northeastern Forest Experiment Station],$c[1968]
=300  \\$a117 pages$billustrations, maps (some color)$c23 cm.
=336  \\$atext$btxt$2rdacontent
=337  \\$aunmediated$bn$2rdamedia
=338  \\$avolume$bnc$2rdacarrier
=490  1\$aUnited States Northeastern Forest Experiment Station, Upper Darby, Pa. United States Forest Service resource bulletin, NE-$v12
=591  \\$bNAL Reclamation
=593  \\$fAgricola CAT
=650  \0$aTimber$zVermont.
=650  \0$aForests and forestry$zVermont.
=650  \3$aTimber supply.
=651  \3$aVermont.
=651  \7$aVermont.$2fast$0(OCoLC)fst01204305
=655  \3$aInternet resource.
=700  1\$aBarnard, Joseph E.$0http://id.loc.gov/authorities/names/n82049061
=710  1\$aUnited States.$bDepartment of Agriculture.
=710  2\$aNortheastern Forest Experiment Station (Radnor, Pa.)
=776  08$iOnline version:$aKingsley, Neal P.$tTimber resources of Vermont.$d[Upper Darby, Pa., Northeastern Forest Experiment Station, 1968]$w(OCoLC)681086287
=830  \0$aU.S.D.A. Forest Service resource bulletin NE ;$v12.
=856  41$uhttps://archive.org/details/timberresourceso12king
=912  \\$analcatalog
=930  \\$a20140209$b00000000$c00000000
=945  \\$aDigiMet
=945  \\$p128
=946  \\$aUSDA
=994  \\$a92$bAGL

