=LDR  01256cam a2200409Ma 4500
=001  9915538611807426
=005  20240624195231.0
=008  800401s1966\\\\dcu\\\\\\\\\\f000\0\eng\d
=016  7\$aCAT10233260$2DNAL
=035  \\$a205634
=035  \\$a(OCoLC)986766100
=035  \\$a(DNAL)205634-naldb-Voyager
=040  \\$aZAS$beng$cZAS$dOCLCO$dOCLCQ$dAGL
=049  \\$aAGLL
=070  \\$aA281.9$bAg83 no. 176
=072  \0$a1500
=100  1\$aAbel, Martin E.
=245  14$aThe 1966 amendments to Public Law 480 /$c[by Martin Abel].
=260  \\$aWashington, D.C. :$bEconomic Research Service, U.S. Dept. of Agriculture,$c1966.
=300  \\$aii, 6 pages.
=336  \\$atext$btxt$2rdacontent
=337  \\$aunmediated$bn$2rdamedia
=338  \\$avolume$bnc$2rdacarrier
=490  1\$aERS-foreign ;$v176
=591  \\$bNAL Reclamation
=593  \\$fAgricola CAT
=630  00$aAgricultural trade development and assistance act, 1954.
=655  \3$aInternet resource.
=830  \0$aERS-foreign ;$v176.
=856  41$uhttps://archive.org/details/1966amendmentsto176abel
=912  \\$analcatalog
=930  \\$a20140305$b00000000$c00000000
=945  \\$aDigiMet
=945  \\$p12
=946  \\$aUSDA
=959  \\$c2013-04-02$essouder$gap
=994  \\$a92$bAGL

