=LDR  01297cam a22003853  4500
=001  9915538709907426
=005  20240624195233.0
=008  800401s1966\\\\dcu\\\\\\\\\\f000\0\eng\d
=016  7\$aCAT10233078$2DNAL
=035  \\$a205284
=035  \\$a(OCoLC)1084300450
=035  \\$a(DNAL)205284-naldb-Voyager
=040  \\$aGPO$beng$cGPO$dOCLCO$dOCLCF$dAGL
=049  \\$aAGLL
=070  \\$aA281.9$bF76Fm no. 91 1966
=072  \0$a0500
=086  0\$aA 67.26:91/2
=245  00$aU.S. agricultural attache, his history and his work /$c[prepared by Foreign Market Information Division].
=250  \\$a[Rev. ed.].
=260  \\$a[Washington, D.C.,$c1966].
=300  \\$a[2], 10 p.
=490  0\$a[Foreign Agricultural Service miscellaneous] FAS-M (series) ;$v91
=591  \\$bNAL Reclamation
=593  \\$fAgricola CAT
=650  \0$aAgricultural attachés.$0http://id.loc.gov/authorities/subjects/sh85002278
=655  \3$aInternet resource.
=710  1\$aUnited States.$bForeign Agricultural Service.$0http://id.loc.gov/authorities/names/n80126196
=856  41$uhttps://archive.org/details/usagriculturalat91unit
=912  \\$analcatalog
=930  \\$a20140306$b00000000$c00000000
=945  \\$aDigiMet
=945  \\$p18
=946  \\$aUSDA
=959  \\$c2014-03-06$earojas$gap
=994  \\$a92$bAGL

