=LDR  01906cam a2200505 a 4500
=001  9915538892107426
=005  20240624195306.0
=008  800401s1968\\\\mdua\\\\\\\\\f000\0\eng\d
=016  7\$aCAT10245458$2DNAL
=035  \\$a205223
=035  \\$a(OCoLC)826031761
=035  \\$a(DNAL)205223-naldb-Voyager
=040  \\$aMUU$beng$cMUU$dOCLCO$dOCLCF$dAGL$dOCLCQ$dAGL$dOCLCQ
=049  \\$aAGLL
=070  0\$aA56.9$bR31 no. 142
=072  \0$a8500
=086  0\$aA 77.15:ARS-41-142
=100  1\$aHermsmeier, L. .F.
=245  10$aEffect of sediment load on the rating curves of 0.6-foot hs flumes /$c[L.F. Hermsmeier and R.A. Young].
=260  \\$aBeltsville, Md. :$bAgricultural Research Service, U.S. Dept. of Agriculture,$c[1968]
=300  \\$a10 pages :$billustrations ;$c26 cm
=336  \\$atext$btxt$2rdacontent
=337  \\$aunmediated$bn$2rdamedia
=338  \\$avolume$bnc$2rdacarrier
=490  1\$aARS ;$v41-142
=530  \\$aAlso available on the Internet.
=591  \\$bNAL Reclamation
=593  \\$fAgricola CAT
=650  \0$aStreamflow$xResearch.
=650  \0$aFlumes.$0http://id.loc.gov/authorities/subjects/sh85049400
=655  \3$aInternet resource.
=700  1\$aYoung, Ralph A.$q(Ralph Alden),$d1920-$0http://id.loc.gov/authorities/names/no97064827
=710  1\$aUnited States.$bAgricultural Research Service.$bSoil and Water Conservation Research Division.$0http://id.loc.gov/authorities/names/n83008026
=830  \0$aARS (Series) (United States. Agricultural Research Service) ;$v41-142.
=856  41$uhttps://archive.org/details/effectofsediment14herm
=912  \\$analcatalog
=930  \\$a20201022$b00000000$c00000000
=939  \\$a20160210$b20160304$c00000000
=945  \\$aDigiMet
=945  \\$p16
=946  \\$aUSDA
=958  \\$be$c2016-02-05$dn$edfriedma
=959  \\$c2016-02-10$earojas$gap
=959  \\$c2020-10-22$ecbarone$gother
=994  \\$a92$bAGL

