=LDR  02190cam a2200565Ia 4500
=001  9915539019507426
=005  20240624195342.0
=008  800401s1968\\\\pau\\\\\\b\\\f000\0\eng\d
=016  7\$aCAT10245701$2DNAL
=035  \\$a205681
=035  \\$a(OCoLC)311601646
=035  \\$a(DNAL)205681-naldb-Voyager
=040  \\$aMTG$beng$cMTG$dMTG$dNUI$dOCLCA$dPHA$dOCLCF$dOCLCQ$dSEA$dAGM$dOCLCA$dAGL
=049  \\$aAGLL
=070  \\$aA99.9$bF7622U no. 83
=072  \0$a7000
=086  0\$aA 13.79:NE-83
=100  1\$aLittle, Silas.$0http://id.loc.gov/authorities/names/n79078728
=245  10$aHerbicide treatments of Japanese honeysuckle for releasing desirable reproduction or for site preparation /$c[S. Little, and Horace A. Somes].
=260  \\$aUpper Darby, Pa. :$bNortheastern Forest Experiment Station, Forest Service, U.S. Dept. of Agriculture,$c1968.
=300  \\$a8 pages ;$c25 cm.
=336  \\$atext$btxt$2rdacontent
=337  \\$aunmediated$bn$2rdamedia
=338  \\$avolume$bnc$2rdacarrier
=490  1\$aU.S. Forest Service research note ;$vNE-83
=504  \\$aIncludes bibliographical references (page 8).
=530  \\$aAlso available online.
=591  \\$bNAL Reclamation
=593  \\$fAgricola CAT
=650  \0$aJapanese honeysuckle.$0http://id.loc.gov/authorities/subjects/sh85069640
=650  \0$aPlants$xEffect of herbicides on.$0http://id.loc.gov/authorities/subjects/sh85102950
=650  \0$aHerbicides$xApplication.$0http://id.loc.gov/authorities/subjects/sh85060343
=650  \3$aherbicides.
=650  \3$aweed control.
=650  \3$achemical control.
=650  \3$asite preparation.
=650  \3$aLonicera japonica.
=655  \3$aInternet resource.
=700  1\$aSomes, Horace A.$0http://id.loc.gov/authorities/names/n87128557
=710  2\$aNortheastern Forest Experiment Station (Radnor, Pa.)
=830  \0$aForest Service research note NE ;$v83.
=856  41$uhttps://archive.org/details/herbicidetreatme83litt
=912  \\$analcatalog
=930  \\$a20140116$b00000000$c00000000
=945  \\$aDigiMet
=945  \\$p12
=946  \\$aUSDA
=959  \\$c2014-01-15$essouder$gurl
=959  \\$c2014-01-16$earojas$gap
=994  \\$a92$bAGL

