=LDR  02553cam a2200637   4500
=001  9915539247507426
=005  20240624195342.0
=008  800401s1968\\\\dcua\\\\\s\\\f000\0\eng\c
=010  \\$aagr68000346 
=016  7\$aCAT10245822$2DNAL
=035  \\$a205914
=035  \\$a(OCoLC)00046190
=035  \\$a(DNAL)205914-naldb-Voyager
=040  \\$aU.S. Nat'l Agr. Libr.$beng$cDLC$dOCL$dIUL$dOCLCQ$dBTCTA$dOCLCG$dOCLCO$dMUU$dNUI$dOCLCF$dOCLCQ$dCOF$dCSB$dOCLCA$dGPO$dWURST$dOCLCQ$dAGL
=049  \\$aAGLL
=050  \0$aS594$b.M6
=070  0\$aA56.9$bR31 no. 144
=072  \0$a8000
=074  \\$a0025-B
=086  0\$aA 77.15:41-144
=086  0\$aA 77.15:ARS-41-144
=086  0\$aA 77.15:41-155
=245  00$aMoisture-tension data for selected soils on experimental watersheds$c[by H.N. Holtan and others.
=260  \\$aWashington]$bAgricultural Research Service, U.S. Dept. of Agriculture,$c1968.
=300  \\$axii, 609 pages$billustrations$c26 cm
=336  \\$atext$btxt$2rdacontent
=337  \\$aunmediated$bn$2rdamedia
=338  \\$avolume$bnc$2rdacarrier
=490  1\$aARS$v41-144
=591  \\$bNAL Reclamation
=593  \\$fAgricola CAT
=650  \0$aSoil matric potential$vTables.
=650  \0$aWatersheds$vStatistics.
=650  \0$aHydraulics$xTables.
=650  \3$asoil water$xTables.
=650  \3$awatersheds$vStatistics.
=650  \3$afluid mechanics$xTables.
=655  \3$aInternet resource.
=655  \7$aStatistics.$2fast$0(OCoLC)fst01423727
=655  \7$aTables.$2fast$0(OCoLC)fst01423914
=700  1\$aHoltan, H. N.,$d1909-$0http://id.loc.gov/authorities/names/n90657571
=710  1\$aUnited States.$bAgricultural Research Service.
=776  08$iOnline version:$tMoisture-tension data for selected soils on experimental watersheds.$dWashington] Agricultural Research Service, U.S. Dept. of Agriculture, 1968$w(OCoLC)595572323
=776  08$iOnline version:$tMoisture-tension data for selected soils on experimental watersheds.$dWashington] Agricultural Research Service, U.S. Dept. of Agriculture, 1968$w(OCoLC)608394911
=830  \0$aARS (Series) (United States. Agricultural Research Service) ;$v41-144.
=856  41$uhttps://archive.org/details/moisturetensiond14holt
=912  \\$analcatalog
=930  \\$a20201022$b00000000$c00000000
=938  \\$aBaker and Taylor$bBTCP$nagr68000346
=939  \\$a20131022$b20131101$c00000000
=945  \\$aDigiMet
=945  \\$p632
=946  \\$aUSDA
=959  \\$c2013-10-22$essouder$gurl
=959  \\$c2020-10-22$ecbarone$gother
=994  \\$a92$bAGL

