=LDR  04007cas a2201429 a 4500
=001  9915539428307426
=005  20240620105645.0
=008  011126u1933uuuudcuar\\\\\\\\f0\\\\0eng\c
=010  \\$asn 86033884 
=012  \\$i8608
=016  7\$aCAT11099773$2DNAL
=035  \\$a878279
=035  \\$a(OCoLC)14061317
=035  \\$a(DNAL)878279-naldb-Voyager
=040  \\$aNYG$beng$cNYG$dOCL$dAGL$dIUL$dOCLCQ$dUIU$dOCLCQ$dOCLCF$dOCLCO$dOCLCQ$dWAU$dOCLCO
=042  \\$apcc
=043  \\$an-us---
=049  \\$aAGLL
=050  \0$aHD1751$b.A35
=070  0\$a1$bEc7A
=072  \0$aE200
=086  0\$aA 36.1:
=110  1\$aUnited States.$bBureau of Agricultural Economics.$0http://id.loc.gov/authorities/names/n80060900
=240  10$aReport of the chief of the Bureau of Agricultural Economics (1933)
=245  10$aReport of the chief of the Bureau of Agricultural Economics.
=260  \\$aWashington, D.C. :$bU.S. Dept. of Agriculture, Bureau of Agricultural Economics,$c1933-
=300  \\$avolumes ;$c22 cm
=310  \\$aAnnual
=336  \\$atext$btxt$2rdacontent
=337  \\$aunmediated$bn$2rdamedia
=338  \\$avolume$bnc$2rdacarrier
=362  0\$a1932/33-
=515  \\$aFiscal year ends June 30.
=588  \\$aLatest issue consulted: Fiscal year 1945.
=591  \\$bNAL Reclamation
=593  \\$fAgricola CAT
=610  10$aUnited States.$bBureau of Agricultural Economics$vPeriodicals.
=610  17$aUnited States.$bBureau of Agricultural Economics$2fast$0(OCoLC)fst00544537
=650  \0$aAgriculture$xEconomic aspects$zUnited States$vPeriodicals.
=650  \3$amicroeconomics.
=650  \3$afarm management.
=650  \3$aagricultural economics.
=651  \7$aUnited States.$2fast$0(OCoLC)fst01204155
=655  \3$aInternet resource.
=655  \7$aPeriodicals.$2fast$0(OCoLC)fst01411641
=655  \7$aAnnual reports.$2lcgft$0http://id.loc.gov/authorities/genreForms/gf2014026046
=776  08$iOnline version:$aUnited States. Bureau of Agricultural Economics.$tReport of the chief of the Bureau of Agricultural Economics (1933)$w(OCoLC)609572996
=780  00$aUnited States. Bureau of Agricultural Economics.$tAnnual report of the chief of the Bureau of Agricultural Economics$w(DLC)sn 86033883$w(OCoLC)14061216
=850  \\$aDNAL$aN
=856  41$uhttps://archive.org/details/usda-reportbureauagriculturaleconomics
=912  \\$analcatalog
=930  \\$a20140505$b20140606$c00000000
=939  \\$a20011202$b20011206$c00000000
=945  \\$dLYN$e2001/11/26$fCM$g2001/11/26
=945  \\$vpt. 1
=945  \\$p80
=945  \\$aDigiMet
=945  \\$vpt. 2
=945  \\$p58
=945  \\$aDigiMet
=945  \\$vpt. 3
=945  \\$p60
=945  \\$aDigiMet
=945  \\$vpt. 4
=945  \\$p43
=945  \\$aDigiMet
=945  \\$vpt. 5
=945  \\$p58
=945  \\$aDigiMet
=945  \\$vpt. 6
=945  \\$p58
=945  \\$aDigiMet
=945  \\$vpt. 7
=945  \\$p62
=945  \\$aDigiMet
=945  \\$vpt. 8
=945  \\$p84
=945  \\$aDigiMet
=945  \\$vpt. 9
=945  \\$p74
=945  \\$aDigiMet
=945  \\$vpt. 10
=945  \\$p36
=945  \\$aDigiMet
=945  \\$vpt. 11
=945  \\$p28
=945  \\$aDigiMet
=945  \\$vpt. 12
=945  \\$p34
=945  \\$aDigiMet
=945  \\$vpt. 13
=945  \\$p32
=945  \\$aDigiMet
=945  \\$vpt. 14
=945  \\$p26
=945  \\$aDigiMet
=945  \\$vpt. 15
=945  \\$p26
=945  \\$aDigiMet
=945  \\$vpt. 16
=945  \\$p50
=945  \\$aDigiMet
=945  \\$vpt. 17
=945  \\$p56
=945  \\$aDigiMet
=945  \\$vpt. 18
=945  \\$p112
=945  \\$aDigiMet
=945  \\$vpt. 19
=945  \\$p76
=945  \\$aDigiMet
=945  \\$vpt. 20
=945  \\$p24
=945  \\$aDigiMet
=945  \\$vpt. 21
=945  \\$p40
=945  \\$aDigiMet
=945  \\$vpt. 22
=945  \\$p34
=945  \\$aDigiMet
=946  \\$aOther US
=994  \\$a92$bAGL

