=LDR  02662cam a2200661Ia 4500
=001  9915539607107426
=005  20240620105733.0
=008  011212s2001\\\\pauab\\\\bs\\f000\0\eng\\
=016  7\$aCAT11110714$2DNAL
=035  \\$a878837
=035  \\$a(OCoLC)48505838
=035  \\$a(DNAL)878837-naldb-Voyager
=040  \\$aAGL$beng$cAGL$dOCLCQ$dORE$dOCLCF$dOCLCQ$dOCLCO$dGZM$dAGM$dOCLCA$dAGL
=043  \\$an-us-ny
=049  \\$aAGLL
=050  \0$aSD11$b.A8715 no.153
=070  0\$aA99.9$bF7622Uf no. 153
=072  \0$aK200
=072  \0$aE110
=072  \0$aK001
=086  0\$aA 13.80:NE-153
=100  1\$aBirch, Thomas W.
=245  10$aPrivate forest-land owners of New York :$b1980 and 1994 /$cThomas W. Birch, Brett J. Butler.
=246  3\$aPrivate forest landowners of New York
=260  \\$aNewton Square, PA :$bU.S. Dept. of Agriculture, Forest Service, Northeastern Research Station,$c[2001]
=300  \\$a75 pages :$billustrations, maps ;$c28 cm.
=336  \\$atext$btxt$2rdacontent
=337  \\$aunmediated$bn$2rdamedia
=338  \\$avolume$bnc$2rdacarrier
=490  1\$aResource bulletin NE ;$v153
=530  \\$aAlso available on the World Wide Web.
=504  \\$aIncludes bibliographical references (page 13).
=530  \\$aLibrary also holds microfiche. Washington, DC : Supt. of Docs., U.S. G.P.O. 2003. 2 microfiche : negative. (NAL call no.: Fiche S-133 (A 13.80:NE-153)
=591  \\$bNAL Reclamation
=593  \\$fAgricola CAT
=650  \0$aForest landowners$zNew York (State)$vStatistics.
=650  \0$aForests and forestry$zNew York (State)$vStatistics.
=650  \0$aLand tenure$zNew York (State)$vStatistics.
=650  \3$aforest ownership.
=650  \3$aprivate forestry.
=650  \3$astatistics.
=651  \3$aNew York.
=651  \7$aNew York (State)$2fast$0(OCoLC)fst01210280
=655  \3$aInternet resource.
=655  \7$aStatistics.$2fast$0(OCoLC)fst01423727
=710  1\$aUnited States.$bForest Service.$bNortheastern Research Station.$0http://id.loc.gov/authorities/names/no98081992
=776  08$iOnline version:$aBirch, Thomas W.$tPrivate forest-land owners of New York.$dNewton Square, PA : U.S. Dept. of Agriculture, Forest Service, Northeastern Research Station, [2001]$w(OCoLC)1021244140
=830  \0$aResource bulletin NE ;$v153.
=856  41$uhttps://archive.org/details/privateforestlan153birc
=912  \\$analcatalog
=930  \\$a20140207$b20140307$c00000000
=939  \\$a20040924$b20041003$c00000000
=939  \\$a20020106$b20020114$c00000000
=945  \\$dDF$e2001/12/05$fVS$g2001/12/12$n1
=945  \\$p88
=945  \\$aDigiMet
=946  \\$aUSDA
=994  \\$a92$bAGL

