=LDR  01806cam a2200517Ia 4500
=001  9915541446307426
=005  20240620114000.0
=008  890419s1972\\\\dcuae\\\\\\\\f000\0\eng\d
=016  7\$aCAT10309577$2DNAL
=019  \\$a213772778
=035  \\$a351785
=035  \\$a(OCoLC)08734640$z(OCoLC)213772778
=035  \\$a(DNAL)351785-naldb-Voyager
=035  \\$z(OCoLC)213772778
=040  \\$aUMC$beng$cUMC$dAGL$dIUL$dOCLCQ$dOCLCO$dOCLCA$dOCLCF$dGPO
=049  \\$aAGLX
=050  \0$aS21$b.A46 no. 1247
=070  0\$a1$bAg84M no.1247
=072  \0$aN100
=072  \0$aL500
=074  \\$a0013-A
=086  0\$aA 1.38:1247
=245  00$aFeeder for cattle :$bliquid supplement.
=260  \\$aWashington, D.C. :$bU.S. Dept. of Agriculture, Agricultural Research Service,$c1972.
=300  \\$a1 sheet (2 pages) :$billustrations, plans ;$c28 cm.
=336  \\$atext$btxt$2rdacontent
=337  \\$aunmediated$bn$2rdamedia
=338  \\$asheet$bnb$2rdacarrier
=490  1\$aMiscellaneous publication / United States Department of Agriculture ;$vno. 1247
=591  \\$bNAL Reclamation
=593  \\$fAgricola CAT
=650  \0$aCattle$xEquipment and supplies$xDesign and construction.
=650  \0$aCattle$xFeeding and feeds.$0http://id.loc.gov/authorities/subjects/sh85021323
=655  \3$aInternet resource.
=710  1\$aUnited States.$bAgricultural Research Service.
=830  \0$aMiscellaneous publication (United States. Department of Agriculture) ;$vno. 1247.
=841  \\$ax   $b8709220u    0   4   uu   1870922$ez
=852  \\$aDNAL$i1 Ag84M no.1247
=856  41$uhttps://archive.org/details/feederforcattlel1247unit
=912  \\$analcatalog
=930  \\$a20140305$b20140404$c00000000
=945  \\$aXIU
=945  \\$p8
=945  \\$aDigiMet
=946  \\$aUSDA
=994  \\$a92$bAGL

