=LDR  01842cam a2200541Ia 4500
=001  9915541521107426
=005  20240620114020.0
=008  890419s1971\\\\dcuae\\\\\\\\f000\0\eng\d
=016  7\$aCAT10309143$2DNAL
=019  \\$a213773020
=035  \\$a351655
=035  \\$a(OCoLC)10607837$z(OCoLC)213773020
=035  \\$a(DNAL)351655-naldb-Voyager
=035  \\$z(OCoLC)213773020
=040  \\$aGEC$beng$cGEC$dAGL$dOCLCQ$dOCLCO$dOCLCF$dOCLCA$dGILDS$dGPO
=049  \\$aAGLY
=050  \0$aS21$b.A46 no.1208
=070  0\$a1$bAg84M no.1208
=072  \0$aE700
=072  \0$aL100
=072  \0$aN100
=074  \\$a13-A
=086  0\$aA 1.38:1208
=245  00$aAuction yard for livestock.
=260  \\$aWashington, D.C. :$bU.S. Dept. of Agriculture, Agricultural Research Service,$c1971.
=300  \\$a1 sheet (2 pages) :$billustrations, plans ;$c28 cm.
=336  \\$atext$btxt$2rdacontent
=337  \\$aunmediated$bn$2rdamedia
=338  \\$asheet$bnb$2rdacarrier
=490  1\$aMiscellaneous publication / United States Department of Agriculture ;$vno. 1208
=591  \\$bNAL Reclamation
=593  \\$fAgricola CAT
=650  \0$aFarm buildings.$0http://id.loc.gov/authorities/subjects/sh85047200
=650  \0$aAuctions.$0http://id.loc.gov/authorities/subjects/sh85009444
=655  \3$aInternet resource.
=655  \4$aDesigns and plans.
=710  1\$aUnited States.$bAgricultural Research Service.
=830  \0$aMiscellaneous publication (United States. Department of Agriculture) ;$vno. 1208.
=841  \\$ax   $b8709220u    0   4   uu   1870922$ez
=852  \\$aDNAL$i1 Ag84M no.1208
=856  41$uhttps://archive.org/details/auctionyardforli1208unit
=912  \\$analcatalog
=930  \\$a20140305$b20140404$c00000000
=945  \\$aUIU
=945  \\$p8
=945  \\$aDigiMet
=946  \\$aUSDA
=994  \\$a92$bAGL

