=LDR  04896cam a2200769 i 4500
=001  9915541559207426
=005  20240624185202.0
=008  890419s1972\\\\dcub\\\\\b\\\f000\0\eng\\
=010  \\$a   77604343 
=016  7\$aCAT10309549$2DNAL
=019  \\$a805724345
=035  \\$a351781
=035  \\$a(OCoLC)03749427$z(OCoLC)805724345
=035  \\$a(DNAL)351781-naldb-Voyager
=035  \\$z(OCoLC)805724345
=040  \\$aDLC$beng$cDLC$dBTCTA$dLVB$dOCLCG$dLHL$dGBVCP$dOCLCO$dOCLCA$dOCLCF$dOCLCQ$dOCLCO$dOCLCA$dCSO$dOCLCA$dWURST$dOCLCQ$dOCLCO$dAGL
=043  \\$an-us---
=049  \\$aAGLX
=050  00$aS21$b.A46 no. 1232$aKF5698
=070  0\$a1$bAg84M no.1232
=072  \0$aE110
=086  0\$aA 1.38:1232
=100  1\$aSolberg, Erling D.$q(Erling Day),$d1902-$0http://id.loc.gov/authorities/names/no95014200
=245  10$aRural zoning in the United States :$banalysis of enabling legislation /$c[by Erling D. Solberg and Ralph R. Pfister].
=260  \\$aWashington :$bEconomic Research Service, U.S. Dept. of Agriculture :$bFor sale by Supt. of Docs., U.S. Govt. Print. Off.,$c1972.
=300  \\$avi, 170 pages :$bmap ;$c26 cm
=336  \\$atext$btxt$2rdacontent
=337  \\$aunmediated$bn$2rdamedia
=338  \\$avolume$bnc$2rdacarrier
=490  1\$aMiscellaneous publication / U.S. Department of Agriculture ;$vno. 1232
=504  \\$aIncludes bibliographical references (page 3 of cover).
=505  0\$aChapter 1. Introduction : Recent innovations and trends in zoning enabling laws -- Problems of change in rural America -- Zoning defined and distinguised -- Scope, purpose, and method of analysis. pp. 1.
=505  0\$aChapter 2. Legislatures are custodians of zoning powers : Levels of government empowered to zone. pp. 18.
=505  0\$aChapter 3. Legal restraints on zoning objectives : Statutory curbs -- Authorized statutory objectives of zoning regulations. pp. 30.
=505  0\$aChapter 4. Factors shaping the operation of rural zoning : Are present zoning techniques adequate? -- Forces causing rural land use changes -- Impacts of land use change -- Zoning regulations authorized -- Incidence of zoning benefits -- Balancing zoning benefits and burdens -- Local origin of zoning ordinances -- Gradations in State control of zoning regulations. pp. 39.
=505  0\$aChapter 5. Planning required before zoning : Planning for both town and country. pp. 48.
=505  0\$aChapter 6. Regulatory tools for zoning : Kinds of zoning regulations authorized -- Zoning districts authorized. pp. 54.
=505  0\$aChapter 7. Enacting and amending agencies and procedures : Adopting zoning ordinances -- Amending the zoning ordinance. pp. 72.
=505  0\$aChapter 8. The safety valves of zoning : Standard zoning enabling act -- Rural zoning enabling statutes -- Appeals alleging errors -- Variances -- Special exceptions -- Special uses -- Variances as aid in preserving official maps. pp. 80.
=505  0\$aChapter 9. Nonconforming uses and properties : Nonconforming uses -- Nonconforming buildigns and lots -- Amortizing use -- Enlarging and extending use -- Making repairs -- Rebuilding after major damaage -- Resuming discontinued use -- Effect of tax forefeiture -- Changing nonconforming use -- Keeping records of nonconforming uses. pp. 92.
=505  0\$aChapter 10. Evaluation and suggestions : Changes in zoning enabling legislation -- Recent urban-oriented zoning innovations -- Recent rural-oriented zoning innovations -- Other recent innovations -- The need for a new model rural zoning enabling statute. pp. 112.
=505  0\$aAppendix 1. Tables. pp. 132.
=505  0\$aAppendix 2. Legal bibliography. pp. 142.
=505  0\$aLiterature cited. pp. 171.
=591  \\$bNAL Reclamation
=593  \\$fAgricola CAT
=650  \0$aZoning law$zUnited States$xStates.
=650  \0$aLand use, Rural$zUnited States$xStates.
=651  \7$aUnited States.$2fast$0(OCoLC)fst01204155
=655  \3$aInternet resource.
=655  \4$aLegislation
=700  1\$aPfister, Ralph R.,$eauthor.
=710  1\$aUnited States.$bDepartment of Agriculture.$bEconomic Research Service.
=776  08$iOnline version:$aSolberg, Erling D. (Erling Day), 1902-$tRural zoning in the United States.$dWashington : Economic Research Service, U.S. Dept. of Agriculture : For sale by Supt. of Docs., U.S. Govt. Print. Off., 1972$w(OCoLC)961043625
=830  \0$aMiscellaneous publication (United States. Department of Agriculture) ;$vno. 1232.
=841  \\$ax$b8709220u    0   4   uu   1870922$ez
=852  \\$aDNAL$i1 Ag84M no.1232
=856  41$uhttps://archive.org/details/ruralzoninginuni1232solb
=912  \\$analcatalog
=930  \\$a20140305$b20140404$c00000000
=938  \\$aBaker and Taylor$bBTCP$n77604343
=945  \\$aXIU
=945  \\$p184
=945  \\$aDigiMet
=946  \\$aUSDA
=959  \\$c2013-04-02$essouder$gap
=994  \\$a92$bAGL

