=LDR  01951cam a2200529Ia 4500
=001  9915541599707426
=005  20240620114021.0
=008  890419s1972\\\\dcuae\\\\\\\\f000\0\eng\d
=016  7\$aCAT10309185$2DNAL
=019  \\$a213773074
=035  \\$a351659
=035  \\$a(OCoLC)10608432$z(OCoLC)213773074
=035  \\$a(DNAL)351659-naldb-Voyager
=035  \\$z(OCoLC)213773074
=040  \\$aGEC$beng$cGEC$dAGL$dOCLCQ$dOCLCO$dOCLCF$dOCLCA$dGPO
=049  \\$aAGLX
=050  \0$aS21$b.A46 no.1228
=070  0\$a1$bAg84M no.1228
=072  \0$aN100
=072  \0$aL100
=074  \\$a13-A
=086  0\$aA 1.38:1228
=245  00$aCorral layout and equipment for beef cattle.
=260  \\$aWashington, D.C. :$bU.S. Dept. of Agriculture, Agricultural Research Service,$c1972.
=300  \\$a1 sheet (2 pages) :$billustrations, plans ;$c28 cm.
=336  \\$atext$btxt$2rdacontent
=337  \\$aunmediated$bn$2rdamedia
=338  \\$asheet$bnb$2rdacarrier
=490  1\$aMiscellaneous publication / United States Department of Agriculture ;$vno. 1228
=591  \\$bNAL Reclamation
=593  \\$fAgricola CAT
=650  \0$aFarm buildings.$0http://id.loc.gov/authorities/subjects/sh85047200
=650  \0$aBeef cattle$xEquipment and supplies.
=655  \3$aInternet resource.
=710  1\$aUnited States.$bAgricultural Research Service.
=776  08$iOnline version:$tCorral layout and equipment for beef cattle.$dWashington, D.C. : U.S. Dept. of Agriculture, Agricultural Research Service, 1972$w(OCoLC)755043140
=830  \0$aMiscellaneous publication (United States. Department of Agriculture) ;$vno. 1228.
=841  \\$ax   $b8709220u    0   4   uu   1870922$ez
=852  \\$aDNAL$i1 Ag84M no.1228
=856  41$uhttps://archive.org/details/corrallayoutequi1228unit
=912  \\$analcatalog
=930  \\$a20140305$b20140404$c00000000
=945  \\$aXIU
=945  \\$p8
=945  \\$aDigiMet
=946  \\$aUSDA
=994  \\$a92$bAGL

