=LDR  01636cam a2200481Ia 4500
=001  9915542261907426
=005  20240620115411.0
=008  980728s1974\\\\dcub\\\\\\\\\f000\0\eng\\
=016  7\$aCAT10852341$2DNAL
=035  \\$a817744
=035  \\$a(OCoLC)39525064
=035  \\$a(DNAL)817744-naldb-Voyager
=040  \\$aAGL$beng$cAGL$dOCLCQ$dOCLCO$dOCLCF$dOCLCO$dOCLCQ$dAGL
=043  \\$an-us---
=049  \\$aAGLL
=070  0\$aA280.39$bM34Am no.559 1974
=072  \0$aE700
=072  \0$aQ001
=245  00$aQuestions and answers on Federal milk marketing orders.
=246  30$aFederal milk marketing orders
=250  \\$aSlightly rev. June 1974.
=260  \\$aWashington, D.C. :$bU.S. Dept. of Agriculture, Agricultural Marketing Service, Dairy Division,$c[1974]
=300  \\$a16, [2] pages :$b1 map ;$c26 cm.
=336  \\$atext$btxt$2rdacontent
=337  \\$aunmediated$bn$2rdamedia
=338  \\$avolume$bnc$2rdacarrier
=490  1\$aAMS ;$v559
=591  \\$bNAL Reclamation
=593  \\$fAgricola CAT
=650  \0$aMilk trade$zUnited States.
=651  \7$aUnited States.$2fast$0(OCoLC)fst01204155
=655  \3$aInternet resource.
=710  1\$aUnited States.$bAgricultural Marketing Service.$bDairy Division.$0http://id.loc.gov/authorities/names/n79105811
=830  \0$aAMS (Washington, D.C. : 1972) ;$v559.
=856  41$uhttps://archive.org/details/questionsanswers55unit
=912  \\$analcatalog
=930  \\$a20140305$b20140404$c00000000
=939  \\$a19980801$b19980807$c00000000
=945  \\$dDF$e98/07/22$fAR$g98/07/28$n1
=945  \\$p24
=945  \\$aDigiMet
=946  \\$aUSDA
=994  \\$a92$bAGL

