=LDR  02076cam a2200529Ia 4500
=001  9915542589407426
=005  20240624185413.0
=008  890918s1922\\\\dcu\\\\\\c\\\f000\0\eng\d
=016  7\$aCAT10316299$2DNAL
=035  \\$a361157
=035  \\$a(OCoLC)16694975
=035  \\$a(DNAL)361157-naldb-Voyager
=040  \\$aRQF$beng$cRQF$dAGL$dOCLCQ$dIUL$dOCLCG$dFUG$dOCLCQ$dOCLCA$dOCLCF$dOCLCQ
=049  \\$aAGLY
=050  \0$aS21$b.A47 no. 164-204
=070  0\$a1$bAg84D no.195
=072  \0$aS000
=072  \0$aE700
=086  0\$aA 1.14/2:195
=100  1\$aPatterson, Flora W.$q(Flora Wambaugh),$d1847-1928.$0http://id.loc.gov/authorities/names/n91063293
=245  12$aA list of fungi (ustilaginales and uredinales) prepared for exchange /$cFlora W. Patterson, William W. Diehl and Edith K. Cash.
=260  \\$aWashington, D.C. :$bU.S. Dept. of Agriculture,$c1922.
=300  \\$a50 pages ;$c23 cm.
=336  \\$atext$btxt$2rdacontent
=337  \\$aunmediated$bn$2rdamedia
=338  \\$avolume$bnc$2rdacarrier
=490  1\$aDepartment circular / United States Department of Agriculture ;$v195
=591  \\$bNAL Reclamation
=593  \\$fAgricola CAT
=650  \0$aFungi$vCatalogs and collections.$0http://id.loc.gov/authorities/subjects/sh85089189
=655  \3$aInternet resource.
=655  \7$aCatalogs and collections.$2fast$0(OCoLC)fst01423697
=700  1\$aDiehl, William W.$q(William Webster),$d1891-$0http://id.loc.gov/authorities/names/no98131702
=700  1\$aCash, Edith K.$q(Edith Katherine),$d1890-$0http://id.loc.gov/authorities/names/n85805272
=830  \0$aDepartment circular (United States. Department of Agriculture) ;$v195.
=841  \\$ax   $b8709220u    0   4   uu   1870922$ez
=852  \\$aDNAL$i1 Ag84D no.195
=856  41$uhttps://archive.org/details/listoffungiustil195patt
=912  \\$analcatalog
=930  \\$a20140305$b20140404$c00000000
=939  \\$a20120717$b20120904$c00000000
=945  \\$aUIU
=945  \\$p54
=945  \\$aDigiMet
=946  \\$aUSDA
=959  \\$c2012-07-17$essouder$gap
=994  \\$a92$bAGL

