=LDR  01071cam a2200373Mi 4500
=001  9915543847307426
=005  20240620122111.0
=008  910402s1954\\\\dcu\\\\\\\\\\\000\0\eng\d
=016  7\$aCAT10682957$2DNAL
=035  \\$a495497
=035  \\$a(OCoLC)71020527
=035  \\$a(DNAL)495497-naldb-Voyager
=040  \\$aAGL$beng$cAGL$dOCLCO$dOCLCQ$dOCLCA$dAGL
=049  \\$aRQIA
=070  0\$aA389.25$bR312
=072  \0$aT000
=110  1\$aUnited States.$bAgricultural Research Service.$bHuman Nutrition Research Branch.
=245  10$aGet more good from milk.
=260  \\$aWashington,$c1954.
=300  \\$a15 leaves
=336  \\$atext$btxt$2rdacontent
=337  \\$aunmediated$bn$2rdamedia
=338  \\$avolume$bnc$2rdacarrier
=591  \\$bNAL Reclamation
=593  \\$fAgricola CAT
=650  \3$ahuman nutrition.
=655  \3$aInternet resource.
=856  41$uhttps://archive.org/details/getmoregoodfromm1954unit
=912  \\$analcatalog
=930  \\$a20140812$b20140905$c00000000
=945  \\$aDigiMet
=945  \\$p38
=946  \\$aUSDA
=994  \\$a92$bAGL

