=LDR  01248cam a2200409Mi 4500
=001  9915543847907426
=005  20240620122107.0
=008  910402s1938\\\\wyu\\\\\\\\\\\000\0\eng\d
=016  7\$aCAT10683343$2DNAL
=035  \\$a495884
=035  \\$a(OCoLC)71020832
=035  \\$a(DNAL)495884-naldb-Voyager
=040  \\$aAGL$beng$cAGL$dOCLCF$dOCLCO$dOCLCQ$dOCLCA$dAGL
=043  \\$an-us-wy
=049  \\$aRQIA
=070  0\$aA282.099$bF222R
=072  \0$aE110
=110  1\$aUnited States.$bFarm Security Administration.$bRegion X.
=245  10$aReport of progress indicating material and information available for land use planning in Wyoming.
=260  \\$a[Laramie? Wyo.],$c[1938?]
=300  \\$a130 leaves
=336  \\$atext$btxt$2rdacontent
=337  \\$aunmediated$bn$2rdamedia
=338  \\$avolume$bnc$2rdacarrier
=591  \\$bNAL Reclamation
=593  \\$fAgricola CAT
=650  \0$aLand use$zWyoming.
=651  \7$aWyoming.$2fast$0(OCoLC)fst01204583
=655  \3$aInternet resource.
=700  1\$aPearson, Harry W.
=856  41$uhttps://archive.org/details/reportofprogress00unit
=912  \\$analcatalog
=930  \\$a20140603$b20140704$c00000000
=945  \\$aDigiMet
=945  \\$p364
=946  \\$aUSDA
=994  \\$a92$bAGL

