=LDR  02040cam a2200553Ia 4500
=001  9915544283907426
=005  20240620123122.0
=007  he\bmb024bbca
=008  980211s1996\\\\mnuab\\\b\\\\f000\0\eng\d
=016  7\$aCAT10841671$2DNAL
=019  \\$a1225660616
=035  \\$a800964
=035  \\$a(OCoLC)37541294$z(OCoLC)1225660616
=035  \\$a(DNAL)800964-naldb-Voyager
=035  \\$z(OCoLC)1225660616
=040  \\$aGPO$beng$cGPO$dOCL$dOCLCQ$dOCLCF$dOCLCQ$dOCLCO$dOCLCQ$dUOK$dTKN$dAGL
=043  \\$anp-----
=049  \\$aAGLL
=050  \0$aSD11.E26$bR5 no.173
=070  0\$aFiche$bS-133 (A 13.80:NC-173 )
=072  \0$aP130
=074  \\$a0083-B-05 (MF)
=086  0\$aA 13.80:NC-173
=100  1\$aMay, Dennis M.
=245  10$aResidential fuelwood consumption and production in the plains states, 1994 /$cDennis M. May.
=260  \\$aSt. Paul, Minn. (1992 Folwell Ave., St. Paul 55108) :$bU.S. Dept. of Agriculture, Forest Service, North Central Forest Experiment Station,$c1996.
=300  \\$a26 pages :$billustrations, map ;$c28 cm.
=336  \\$atext$btxt$2rdacontent
=337  \\$amicroform$bh$2rdamedia
=338  \\$amicrofiche$bhe$2rdacarrier
=490  1\$aResource bulletin NC ;$v173
=533  \\$aMicrofiche.$b[Washington, D.C.?] :$cSupt. of Docs., U.S. G.P.O.,$d1997.$e1 microfiche : negative.
=591  \\$bNAL Reclamation
=593  \\$fAgricola CAT
=650  \0$aFuelwood$zGreat Plains.
=650  \0$aFuelwood consumption$zGreat Plains.
=651  \7$aGreat Plains.$2fast$0(OCoLC)fst01240567
=655  \3$aInternet resource.
=710  2\$aNorth Central Forest Experiment Station (Saint Paul, Minn.)$0http://id.loc.gov/authorities/names/n80044737
=776  1\$cOriginal$w(DLC)   96148722
=830  \0$aResource bulletin NC ;$v173.
=856  41$uhttps://archive.org/details/residentialfuelw173mayd
=912  \\$analcatalog
=930  \\$a20140702$b20140807$c00000000
=939  \\$a19980301$b19980309$c00000000
=945  \\$aDigiMet
=945  \\$p36
=946  \\$aOther US
=994  \\$a92$bAGL

