=LDR  01260cam a2200385M  4500
=001  9915545254507426
=005  20240624192755.0
=008  800401s1964\\\\dcu\\\\\\\\\\\000\0\eng\d
=016  7\$aCAT10228012$2DNAL
=035  \\$a195416
=035  \\$a(OCoLC)1289154876
=035  \\$a(DNAL)195416-naldb-Voyager
=040  \\$aAGL$beng$cAGL
=049  \\$aAGLL
=070  \\$aA280.29$bF22 no. 65
=072  \0$a1000
=100  1\$aVolkin, David,$d1916-
=245  10$aInvestment credit provisions of the Revenue act of 1962 affecting farmer cooperatives.
=260  \\$a[Washington]$bFarmer Cooperative Service, U.S. Dept. of Agriculture,$c1964.
=300  \\$a5 p.$c26 cm.
=490  1\$a[U.S. Farmer Cooperative Service] Service report 65
=591  \\$bNAL Reclamation
=593  \\$fAgricola CAT
=650  \0$aAgriculture, Cooperative$xSocieties, etc.$xTaxation.
=650  \0$aInternal revenue law.
=655  \3$aInternet resource.
=810  2\$aUnited States.$bFarmer Cooperative Service.$tService report,$v65.
=856  41$uhttps://archive.org/details/investmentcredit65volk
=912  \\$analcatalog
=930  \\$a20140306$b20140404$c00000000
=945  \\$aDigiMet
=945  \\$p16
=946  \\$aUSDA
=959  \\$c2014-03-06$earojas$gap
=994  \\$a92$bAGL

