=LDR  02352cam a2200565 a 4500
=001  9915545293707426
=005  20240624192815.0
=008  800401s1966\\\\orua\\\\\b\\\f000\0\eng\d
=016  7\$aCAT10228223$2DNAL
=019  \\$a1039862210$a1231753864
=035  \\$a195827
=035  \\$a(OCoLC)58976956$z(OCoLC)1039862210$z(OCoLC)1231753864
=035  \\$a(DNAL)195827-naldb-Voyager
=035  \\$z(OCoLC)1039862210$z(OCoLC)1231753864
=040  \\$aORE$beng$cORE$dOCL$dMTG$dOCLCO$dOCLCQ$dOSO$dOCLCF$dAGM$dWURST$dOCLCQ$dAGL
=043  \\$an-us-or
=049  \\$aAGLL
=050  \0$aSD143$b.U51 no.38
=070  \\$aA99.9$bF7625U no. 38
=072  \0$a4500
=086  0\$aA 13.79:PNW-38
=100  1\$aBarrett, James W.$q(James Willis),$d1922-$0http://id.loc.gov/authorities/names/n83062154
=245  12$aA record of ponderosa pine seed flight /$cby James W. Barrett.
=260  \\$aPortland, Or. :$bPacific Northwest Forest and Range Experiment Station, U.S. Dept. of Agriculture,$c[1966]
=300  \\$a5 pages :$billustrations ;$c28 cm
=336  \\$atext$btxt$2rdacontent
=337  \\$aunmediated$bn$2rdamedia
=338  \\$avolume$bnc$2rdacarrier
=490  1\$aU.S. Forest Service research note PNW ;$v38
=504  \\$aIncludes bibliographical references (pages 4-5).
=591  \\$bNAL Reclamation
=593  \\$fAgricola CAT
=650  \0$aPonderosa pine$xSeeds$xDispersal$zOregon$zPringle Falls Experimental Forest.
=650  \3$aPinus ponderosa.
=650  \3$aseed dispersal.
=650  \3$anatural regeneration.
=651  \3$aOregon
=651  \7$aOregon$zPringle Falls Experimental Forest.$2fast$0(OCoLC)fst01278512
=655  \3$aInternet resource.
=710  2\$aPacific Northwest Forest and Range Experiment Station (Portland, Or.)$0http://id.loc.gov/authorities/names/n80126131
=776  08$iOnline version:$aBarrett, James W. (James Willis), 1922-$tRecord of ponderosa pine seed flight.$dPortland, Or. : Pacific Northwest Forest and Range Experiment Station, U.S. Dept. of Agriculture, [1966]$w(OCoLC)969993869
=830  \0$aU.S. Forest Service research note PNW ;$v38.
=856  41$uhttps://archive.org/details/recordofponderos38barr
=912  \\$analcatalog
=930  \\$a20140506$b00000000$c00000000
=945  \\$aDigiMet
=945  \\$p10
=946  \\$aUSDA
=959  \\$c2014-05-06$earojas$gap
=994  \\$a92$bAGL

