=LDR  01782cam a2200493 a 4500
=001  9915545333407426
=005  20240624192815.0
=008  800401s1966\\\\dcua\\\\\\\\\f000\0\eng\d
=016  7\$aCAT10228036$2DNAL
=035  \\$a195463
=035  \\$a(OCoLC)825560514
=035  \\$a(DNAL)195463-naldb-Voyager
=040  \\$aMUU$beng$cMUU$dOCLCO$dOCLCF$dOCLCQ$dAGL$dOCLCQ
=049  \\$aAGLL
=070  0\$aA56.9$bR31 no. 117
=072  \0$a7000
=086  0\$aA 77.15:ARS-41-117
=100  1\$aWeber, Deane F.,$eauthor.
=245  10$aRelation of rhizobia to alfalfa sickness in eastern Washington /$c[Deane F. Weber and G.E. Leggett.
=260  \\$aWashington, D.C.] :$bU.S. Dept. of Agriculture,$c1966.
=300  \\$a16 pages :$billustrations ;$c26 cm
=336  \\$atext$btxt$2rdacontent
=337  \\$aunmediated$bn$2rdamedia
=338  \\$avolume$bnc$2rdacarrier
=490  1\$aARS ;$v41-117
=530  \\$aAlso available online.
=591  \\$bNAL Reclamation
=593  \\$fAgricola CAT
=650  \0$aAlfalfa$xDiseases and pests.$0http://id.loc.gov/authorities/subjects/sh85003385
=650  \0$aRhizobium$xResearch.
=655  \3$aInternet resource.
=700  1\$aLeggett, G. E.,$eauthor.
=710  1\$aUnited States.$bAgricultural Research Service.$bSoil and Water Conservation Research Division.$0http://id.loc.gov/authorities/names/n83008026
=830  \0$aARS (Series) (United States. Agricultural Research Service) ;$v41-117.
=856  41$uhttps://archive.org/details/relationofrhizob11webe
=912  \\$analcatalog
=930  \\$a20201015$b00000000$c00000000
=939  \\$a20131022$b20131101$c00000000
=945  \\$aDigiMet
=945  \\$p20
=946  \\$aUSDA
=959  \\$c2013-10-22$essouder$gurl
=959  \\$c2020-10-15$ecbarone$gother
=994  \\$a92$bAGL

