=LDR  01881cam a2200505Ia 4500
=001  9915545338407426
=005  20240620124529.0
=008  980217s1998\\\\dcua\\\\\\\\\f000\0\eng\\
=016  7\$aCAT10842118$2DNAL
=035  \\$a808660
=035  \\$a(OCoLC)38400606
=035  \\$a(DNAL)808660-naldb-Voyager
=040  \\$aAGL$beng$cAGL$dOCLCQ$dOCLCO$dOCLCA$dOCLCQ$dOCLCA$dOCLCF$dAGL
=043  \\$an-us---
=049  \\$aAGLL
=070  0\$a1$bAg84M no.1531
=072  \0$aF800
=072  \0$aC100
=245  04$aThe PPQ William F. Helms student scholarship program.
=250  \\$aSlightly rev. Jan. 1998.
=260  \\$a[Washington, D.C.?] :$bU.S. Dept. of Agriculture, Animal and Plant Health Inspection Service,$c[1998]
=300  \\$a1 folded sheet (8 pages) :$bcolor illustrations ;$c23 x 10 cm.
=336  \\$atext$btxt$2rdacontent
=337  \\$aunmediated$bn$2rdamedia
=338  \\$asheet$bnb$2rdacarrier
=490  1\$aMiscellaneous publication ;$vno. 1531
=591  \\$bNAL Reclamation
=593  \\$fAgricola CAT
=650  \0$aPlants, Protection of$xScholarships, fellowships, etc.$zUnited States.
=650  \0$aPlants, Protection of$xVocational guidance$zUnited States.
=650  \0$aPlant quarantine$zUnited States.
=651  \7$aUnited States.$2fast$0(OCoLC)fst01204155
=655  \3$aInternet resource.
=710  1\$aUnited States.$bAnimal and Plant Health Inspection Service.
=830  \0$aMiscellaneous publication (United States. Department of Agriculture) ;$vno. 1531.
=856  \\$zOnline version$uhttp://www.aphis.usda.gov/oa/pubs/ppqhelms.pdf
=856  41$uhttps://archive.org/details/ppqwilliamfhelms1531unit
=912  \\$analcatalog
=930  \\$a20140305$b20140404$c00000000
=939  \\$a19980301$b19980309$c00000000
=945  \\$dDF$e98/02/10$fAR$g98/02/17$n1
=945  \\$p10
=945  \\$aDigiMet
=946  \\$aUSDA
=994  \\$a92$bAGL

