=LDR  02037cam a2200529 a 4500
=001  9915545358807426
=005  20240624192813.0
=008  800401s1966\\\\orub\\\\\b\\\f000\0\eng\d
=016  7\$aCAT10228075$2DNAL
=019  \\$a1039808125$a1231926704
=035  \\$a195538
=035  \\$a(OCoLC)58976928$z(OCoLC)1039808125$z(OCoLC)1231926704
=035  \\$a(DNAL)195538-naldb-Voyager
=035  \\$z(OCoLC)1039808125$z(OCoLC)1231926704
=040  \\$aORE$beng$cORE$dOCL$dMTG$dOCLCF$dOCLCO$dOCLCQ$dAGM$dWURST$dOCLCQ$dAGL
=043  \\$an-us-wa
=049  \\$aAGLL
=050  \0$aSD143$b.U51 no.36
=070  \\$aA99.9$bF7625U no. 36
=072  \0$a4500
=086  0\$aA 13.79:PNW-36
=100  1\$aWilliamson, Richard L.$0http://id.loc.gov/authorities/names/n80083415
=245  10$aThinning response in 110-year-old Douglas-fir /$cby Richard L. Williamson.
=260  \\$aPortland, Or. :$bPacific Northwest Forest and Range Experiment Station, U.S. Dept. of Agriculture,$c[1966]
=300  \\$a7 pages :$bmap ;$c28 cm
=336  \\$atext$btxt$2rdacontent
=337  \\$aunmediated$bn$2rdamedia
=338  \\$avolume$bnc$2rdacarrier
=490  1\$aU.S. Forest Service research note PNW ;$v36
=504  \\$aIncludes bibliographical references.
=591  \\$bNAL Reclamation
=593  \\$fAgricola CAT
=650  \0$aDouglas fir$xThinning$zWashington (State)$zWind River Experimental Forest.
=650  \3$aPseudotsuga menziesii.
=651  \3$aWashington (state)
=651  \7$aWashington (State)$zWind River Experimental Forest.$2fast$0(OCoLC)fst01300360
=655  \3$aInternet resource.
=710  2\$aPacific Northwest Forest and Range Experiment Station (Portland, Or.)$0http://id.loc.gov/authorities/names/n80126131
=830  \0$aU.S. Forest Service research note PNW ;$v36.
=856  41$uhttps://archive.org/details/thinningresponse36will
=912  \\$analcatalog
=930  \\$a20140506$b00000000$c00000000
=945  \\$aDigiMet
=945  \\$p12
=946  \\$aUSDA
=959  \\$c2014-05-06$earojas$gap
=994  \\$a92$bAGL

