=LDR  02151cam a2200565   4500
=001  9915545409407426
=005  20240624192815.0
=008  800401s1968\\\\dcuab\\\\b\\\f000\0\eng\c
=010  \\$aagr68000120 
=016  7\$aCAT10240538$2DNAL
=035  \\$a195630
=035  \\$a(OCoLC)00035371
=035  \\$a(DNAL)195630-naldb-Voyager
=040  \\$aU.S. Nat'l Agr. Libr.$beng$cDLC$dIUL$dOCLCQ$dBTCTA$dOCLCO$dNUI$dOCLCF$dOCLCQ$dOCLCO$dOKS$dOCLCA$dAGL
=049  \\$aAGLL
=050  \0$aSB608.M2$bC78 1968
=070  0\$aA420$bR31 no. 118
=072  \0$a7000
=086  0\$aA 77.15:33-118
=245  00$aCorn (maize) viruses in the continental United States and Canada.
=260  \\$a[Washington]$bAgricultural Research Service, U.S. Dept. of Agriculture,$c1968.
=300  \\$aiv, 95 pages$billustrations, maps$c26 cm.
=336  \\$atext$btxt$2rdacontent
=337  \\$aunmediated$bn$2rdamedia
=338  \\$avolume$bnc$2rdacarrier
=490  1\$a[United States. Agricultural Research Service] ARS$v33-118
=504  \\$aIncludes bibliographical references.
=530  \\$aAlso available online.
=591  \\$bNAL Reclamation
=593  \\$fAgricola CAT
=650  \0$aCorn$xDiseases and pests.$0http://id.loc.gov/authorities/subjects/sh85032649
=650  \0$aVirus diseases of plants.$0http://id.loc.gov/authorities/subjects/sh85143828
=650  \3$aVirus diseases of maize.
=650  \3$aviruses.
=655  \3$aInternet resource.
=700  1\$aStoner, Warren N.$q(Warren Norton),$d1922-$ecompiler.$0http://id.loc.gov/authorities/names/no2008149010
=710  1\$aUnited States.$bAgricultural Research Service.
=830  \0$aARS (Series) (United States. Agricultural Research Service) ;$v33-118.
=856  41$uhttps://archive.org/details/cornmaizeviruses118ston
=912  \\$analcatalog
=930  \\$a20201016$b00000000$c00000000
=938  \\$aBaker and Taylor$bBTCP$nagr68000120
=939  \\$a20140411$b20140502$c00000000
=939  \\$a20131022$b20131101$c00000000
=945  \\$aDigiMet
=945  \\$p104
=946  \\$aUSDA
=959  \\$c2013-10-22$essouder$gurl
=959  \\$c2020-10-15$ecbarone$gupgrade
=994  \\$a92$bAGL

