=LDR  02390cam a2200613 a 4500
=001  9915502765107426
=005  20240624182456.0
=008  800401s1967\\\\orua\\\\\b\\\f000\0\eng\d
=016  7\$aCAT10237592$2DNAL
=019  \\$a1039859570$a1231763505
=035  \\$a187590
=035  \\$a(OCoLC)58994736$z(OCoLC)1039859570$z(OCoLC)1231763505
=035  \\$a(DNAL)187590-naldb-Voyager
=035  \\$z(OCoLC)1039859570$z(OCoLC)1231763505
=040  \\$aORE$beng$cORE$dOCL$dMTG$dOCLCF$dOCLCO$dOCLCQ$dAGM$dWURST$dOCLCQ$dAGL
=043  \\$an-us-or
=049  \\$aAGLL
=050  \0$aSD143$b.U51 no.56
=070  \\$aA99.9$bF7625U no. 56
=072  \0$a8000
=086  0\$aA 13.79:PNW-56
=100  1\$aHallin, William E.$q(William Erick)$0http://id.loc.gov/authorities/names/n88630484
=245  10$aSoil-moisture and temperature trends in cutover and adjacent old-growth Douglas-fir timber /$cby William E. Hallin.
=260  \\$aPortland, Or. :$bPacific Northwest Forest and Range Experiment Station, U.S. Dept. of Agriculture,$c[1967]
=300  \\$a11 pages :$billustrations ;$c28 cm
=336  \\$atext$btxt$2rdacontent
=337  \\$aunmediated$bn$2rdamedia
=338  \\$avolume$bnc$2rdacarrier
=490  1\$aU.S. Forest Service research note PNW ;$v56
=504  \\$aIncludes bibliographical references.
=591  \\$bNAL Reclamation
=593  \\$fAgricola CAT
=650  \0$aCutover lands$zOregon$zUmpqua River Watershed.
=650  \0$aOld growth forests$zOregon$zUmpqua River Watershed.
=650  \0$aSoil moisture$zOregon$zUmpqua River Watershed.
=650  \0$aSoil temperature$zOregon$zUmpqua River Watershed.
=650  \0$aReforestation$zOregon$zUmpqua River Watershed.
=650  \3$aPseudotsuga menziesii.
=650  \3$aAbies grandis.
=650  \3$asoil water.
=650  \3$atemperature.
=651  \3$aOregon
=651  \7$aOregon$zUmpqua River Watershed.$2fast$0(OCoLC)fst01265054
=655  \3$aInternet resource.
=710  2\$aPacific Northwest Forest and Range Experiment Station (Portland, Or.)$0http://id.loc.gov/authorities/names/n80126131
=830  \0$aU.S. Forest Service research note PNW ;$v56.
=856  41$uhttps://archive.org/details/soilmoisturetemp56hall
=912  \\$analcatalog
=930  \\$a20140506$b00000000$c00000000
=945  \\$aDigiMet
=945  \\$p16
=946  \\$aUSDA
=959  \\$c2014-05-06$earojas$gap
=994  \\$a92$bAGL

