=LDR  02013cam a2200517Ia 4500
=001  9915502783907426
=005  20240624182457.0
=008  800401s1968\\\\orua\\\\\b\\\f000\0\eng\d
=016  7\$aCAT10241536$2DNAL
=019  \\$a1039835841$a1231897720
=035  \\$a197574
=035  \\$a(OCoLC)57824194$z(OCoLC)1039835841$z(OCoLC)1231897720
=035  \\$a(DNAL)197574-naldb-Voyager
=035  \\$z(OCoLC)1039835841$z(OCoLC)1231897720
=040  \\$aAZN$beng$cAZN$dOCLCQ$dOCLCG$dMIN$dOCLCF$dOCLCA$dOCLCQ$dOCLCO$dOCLCA$dAGM$dWURST$dAGL
=043  \\$an-us-wa
=049  \\$aAGLL
=070  \\$aA99.9$bF7625U no. 77
=072  \0$a4500
=086  0\$aA 13.79:PNW-77
=100  1\$aBarrett, James W.$q(James Willis),$d1922-$0http://id.loc.gov/authorities/names/n83062154
=245  10$aResponse of ponderosa pine pole stands to thinning /$cby James W. Barrett.
=260  \\$aPortland, Or. :$bPacific Northwest Forest and Range Experiment Station, U.S. Dept. of Agriculture,$c[1968]
=300  \\$a11 pages :$billustrations ;$c28 cm.
=336  \\$atext$btxt$2rdacontent
=337  \\$aunmediated$bn$2rdamedia
=338  \\$avolume$bnc$2rdacarrier
=490  1\$aU.S. Forest Service research note PNW ;$v77
=504  \\$aIncludes bibliographical references and abstract.
=591  \\$bNAL Reclamation
=593  \\$fAgricola CAT
=650  \0$aPonderosa pine$xThinning$zWashington (State).
=650  \0$aForest thinning$zWashington (State).
=650  \3$aPinus ponderosa.
=651  \7$aWashington (State)$2fast$0(OCoLC)fst01204703
=655  \3$aInternet resource.
=710  2\$aPacific Northwest Forest and Range Experiment Station (Portland, Or.)$0http://id.loc.gov/authorities/names/n80126131
=830  \0$aU.S. Forest Service research note PNW ;$v77.
=856  41$uhttps://archive.org/details/responseofponder77barr
=912  \\$analcatalog
=930  \\$a20140506$b00000000$c00000000
=945  \\$aDigiMet
=945  \\$p16
=946  \\$aUSDA
=959  \\$c2014-05-06$earojas$gap
=994  \\$a92$bAGL

