=LDR  02103cam a2200553Ia 4500
=001  9915502979507426
=005  20240624182450.0
=008  800401s1968\\\\orua\\\\\\\\\f000\0\eng\d
=016  7\$aCAT10241443$2DNAL
=035  \\$a197392
=035  \\$a(OCoLC)42861247
=035  \\$a(DNAL)197392-naldb-Voyager
=040  \\$aZ@7$beng$cZ@7$dOCLCF$dOCLCO$dOCLCA$dOCLCQ$dSEA$dOCLCA$dAGM$dOCLCA$dWURST$dAGL
=043  \\$an-us-wa$an-us-or
=049  \\$aAGLL
=070  \\$aA99.9$bF7625U no. 74
=072  \0$a4500
=086  0\$aA 13.79:PNW-74
=100  1\$aAdams, Thomas Cooper,$d1918-$0http://id.loc.gov/authorities/names/n80046226
=245  10$aPrice trends of open-market Douglas-fir logs in western Washington and northwest Oregon /$cby Thomas C. Adams.
=260  \\$aPortland, Or. :$bPacific Northwest Forest and Range Experiment Station, Forest Service, U.S. Dept. of Agriculture,$c[1968]
=300  \\$a6 pages :$billustrations ;$c27 cm.
=336  \\$atext$btxt$2rdacontent
=337  \\$aunmediated$bn$2rdamedia
=338  \\$avolume$bnc$2rdacarrier
=490  1\$aU.S. Forest Service research note PNW ;$v74
=591  \\$bNAL Reclamation
=593  \\$fAgricola CAT
=650  \0$aLumber trade$xPrices$zWashington (State).
=650  \0$aLumber trade$xPrices$zOregon.
=650  \0$aDouglas fir$xPrices$zNorthwest, Pacific.
=650  \3$aPseudotsuga menziesii.
=650  \3$aprices.
=651  \3$aWashington (state)
=651  \3$aOregon.
=651  \7$aOregon.$2fast$0(OCoLC)fst01204579
=651  \7$aPacific Northwest.$2fast$0(OCoLC)fst01242543
=651  \7$aWashington (State)$2fast$0(OCoLC)fst01204703
=655  \3$aInternet resource.
=710  2\$aPacific Northwest Forest and Range Experiment Station (Portland, Or.)$0http://id.loc.gov/authorities/names/n80126131
=830  \0$aU.S. Forest Service research note PNW ;$v74.
=856  41$uhttps://archive.org/details/pricetrendsofope74adam
=912  \\$analcatalog
=930  \\$a20140506$b00000000$c00000000
=945  \\$aDigiMet
=945  \\$p10
=946  \\$aUSDA
=959  \\$c2014-05-06$earojas$gap
=994  \\$a92$bAGL

