=LDR  02070cam a2200553 a 4500
=001  9915503015507426
=005  20240624182523.0
=007  ta
=008  800401s1967\\\\oru\\\\\\b\\\f000\0\eng\d
=016  7\$aCAT10237481$2DNAL
=019  \\$a1039871473$a1231839217
=035  \\$a187276
=035  \\$a(OCoLC)41817143$z(OCoLC)1039871473$z(OCoLC)1231839217
=035  \\$a(DNAL)187276-naldb-Voyager
=035  \\$z(OCoLC)1039871473$z(OCoLC)1231839217
=040  \\$aAkJFS$beng$cW7L$dRLA$dMTG$dOCLCF$dOCLCQ$dOCLCO$dAGM$dRLA$dOCL$dOCLCQ$dWURST$dOCLCQ$dAGL
=043  \\$an-us-ak
=049  \\$aAGLL
=050  \0$aSD11$b.A45612 PNW-59
=070  \\$aA99.9$bF7625U no. 59
=072  \0$a4500
=086  0\$aA 13.79:PNW-59
=100  1\$aFarr, Wilbur A.,$eauthor.$0http://id.loc.gov/authorities/names/n84204530
=245  10$aBoard-foot tree volume tables and equations for white spruce in Interior Alaska /$cby Wilbur A. Farr.
=260  \\$aPortland, Or. :$bPacific Northwest Forest and Range Experiment Station, U.S. Dept. of Agriculture,$c[1967]
=300  \\$a4 pages ;$c28 cm
=336  \\$atext$btxt$2rdacontent
=337  \\$aunmediated$bn$2rdamedia
=338  \\$avolume$bnc$2rdacarrier
=490  1\$aU.S. Forest Service research note PNW ;$v59
=504  \\$aIncludes bibliographical references.
=591  \\$bNAL Reclamation
=593  \\$fAgricola CAT
=650  \0$aWhite spruce$zAlaska$zInterior Alaska$vTables.
=650  \3$aPicea glauca.
=651  \3$aAlaska
=651  \7$aAlaska$zInterior Alaska.$2fast$0(OCoLC)fst01307662
=655  \3$aInternet resource.
=655  \7$aTables.$2fast$0(OCoLC)fst01423914
=710  2\$aPacific Northwest Forest and Range Experiment Station (Portland, Or.)$0http://id.loc.gov/authorities/names/n80126131
=830  \0$aU.S. Forest Service research note PNW ;$v59.
=856  41$uhttps://archive.org/details/boardfoottreevol59farr
=912  \\$analcatalog
=930  \\$a20140506$b00000000$c00000000
=945  \\$aDigiMet
=945  \\$p8
=946  \\$aUSDA
=959  \\$c2014-05-06$earojas$gap
=994  \\$a92$bAGL

