=LDR  01793cam a2200517I  4500
=001  9915503540507426
=005  20240624182608.0
=008  800401\\\\\\\\\dcu\\\\\\\\\\\000\\\eng\d
=016  7\$aCAT10235185$2DNAL
=035  \\$90235-18560
=035  \\$a209378
=035  \\$a(OCoLC)54103
=035  \\$a(DNAL)209378-naldb-Voyager
=040  \\$aAGL$dAGL
=049  \\$aAGLL
=070  0\$aA56.9$bR31 no. 131
=072  \0$a8000
=100  1\$aArmbrust, Dean V.,$eauthor.
=245  10$aDesign and operation of a portable soil-blowing wind tunnel /$cDean V. Armbrust and James E. Box, Jr..
=260  \\$a[Washington, D.C.] :$bAgricultural Research Service, U.S. Department of Agriculture,$c1967.
=300  \\$ai, 14 pages :$billustrations ;$c26 cm.
=336  \\$atext$btxt$2rdacontent
=337  \\$aunmediated$bn$2rdamedia
=338  \\$avolume$bnc$2rdacarrier
=490  1\$aARS ;$v41-131
=500  \\$aIssued March 1967.
=504  \\$aIncludes bibliographical references.
=530  \\$aAlso available on the Internet.
=593  \\$fAgricola CAT
=650  \0$aWind erosion.
=650  \0$aSoil conservation.
=650  \7$aSoil conservation.$2fast$0(OCoLC)fst01124293
=650  \7$aWind erosion.$2fast$0(OCoLC)fst01175589
=655  \3$aInternet resource
=700  1\$aBox, James E.,$d1931-$eauthor.
=710  1\$aUnited States.$bAgricultural Research Service,$eissuing body.
=830  \0$aARS (Series) (United States. Agricultural Research Service) ;$v41-131.
=856  41$uhttps://archive.org/details/designoperationo13armb
=912  \\$analcatalog
=930  \\$a20201023$b00000000$c00000000
=939  \\$a20131022$b20131101$c00000000
=945  \\$aDigiMet
=945  \\$p20
=946  \\$aUSDA
=959  \\$c2013-10-22$essouder$gurl
=959  \\$c2020-10-23$ecbarone$gother

