=LDR  01484cam a2200445M  4500
=001  9915503593107426
=005  20240624182605.0
=008  800401s1966\\\\dcu\\\\\\\\\\\000\0\eng\d
=016  7\$aCAT10235056$2DNAL
=035  \\$a209130
=035  \\$a(OCoLC)1289135559
=035  \\$a(DNAL)209130-naldb-Voyager
=040  \\$aAGL$beng$cAGL
=049  \\$aAGLL
=070  \\$aA381$bR31Ab no. 37
=072  \0$a5000
=111  2\$aWestern Experiment Station Collaborators Conference$d(1966 :$cAlbany, Calif.)
=245  14$aThe destruction of salmonellae; a report.
=260  \\$a[Washington]$bAgricultural Research Service, U.S. Dept. of Agriculture,$c1966.
=300  \\$a106 p.$c27 cm.
=490  1\$a[U.S. Agricultural Research Service] ARS 74-37
=504  \\$aIncludes bibliographies.
=530  \\$aAlso available on the Internet.
=591  \\$bNAL Reclamation
=593  \\$fAgricola CAT
=650  \0$aSalmonella group.
=650  \0$aFood$xMicrobiology$vCongresses.
=655  \3$aInternet resource.
=710  1\$aUnited States.$bAgricultural Research Service.$bWestern Utilization Research and Development Division.
=830  \0$aARS 74 ;$v37.
=856  41$uhttps://archive.org/details/destructionofsal7437west
=912  \\$analcatalog
=930  \\$a20140117$b20140207$c00000000
=945  \\$aDigiMet
=945  \\$p116
=946  \\$aUSDA
=959  \\$c2014-01-15$essouder$gurl
=959  \\$c2014-01-16$earojas$gap
=959  \\$c2014-01-17$earojas$gap
=994  \\$a92$bAGL

