=LDR  01757cam a2200505Ia 4500
=001  9915503655607426
=005  20240624182605.0
=008  800401s1966\\\\pr\\\\\\\\\\\f000\0\eng\d
=016  7\$aCAT10235353$2DNAL
=035  \\$a209707
=035  \\$a(OCoLC)262686781
=035  \\$a(DNAL)209707-naldb-Voyager
=040  \\$aORE$beng$cORE$dMIN$dMTG$dNUI$dOCLCQ$dSEA$dCOD$dAGM$dAGL
=041  0\$aeng$bspa
=049  \\$aAGLL
=050  10$aSD19.P8$bA57 no.11
=070  \\$aA99.9$bF7637N no. 11
=072  \0$a4500
=086  0\$aA 13.79:ITF-11
=100  1\$aBriscoe, C. B.$0http://id.loc.gov/authorities/names/n88076980
=245  10$aEffects of pruning teak /$cby C.B. Briscoe and R.W. Nobles.
=260  \\$aRio Piedras, Puerto Rico :$bInstitute of Tropical Forestry,$c[1966]
=300  \\$a6 pages ;$c28 cm.
=336  \\$atext$btxt$2rdacontent
=337  \\$aunmediated$bn$2rdamedia
=338  \\$avolume$bnc$2rdacarrier
=490  1\$aU.S. Forest Service research note ;$vno. ITF 11
=591  \\$bNAL Reclamation
=593  \\$fAgricola CAT
=650  \0$aTeak$xPruning.
=650  \3$aTectona grandis.
=650  \3$apruning.
=655  \3$aInternet resource.
=700  1\$aNobles, R. W.
=710  2\$aInstitute of Tropical Forestry (Río Piedras, San Juan, P.R.)$0http://id.loc.gov/authorities/names/n50064401
=830  \0$aU.S. Forest Service research note ITF ;$v11.
=810  2\$aInstitute of Tropical Forestry (Río Piedras, San Juan, P.R.).$tU.S. Forest Service research note ITF ;$v11.
=856  41$uhttps://archive.org/details/effectsofpruning11bris
=912  \\$analcatalog
=930  \\$a20140703$b00000000$c00000000
=945  \\$aDigiMet
=945  \\$p10
=946  \\$aUSDA
=959  \\$c2014-07-03$earojas$gap
=994  \\$a92$bAGL

