=LDR  01112cam a2200361M  4500
=001  9915503670207426
=005  20240624182557.0
=008  800401s1967\\\\mx\\\\\\\\\\\\000\0\eng\d
=016  7\$aCAT10247470$2DNAL
=035  \\$a209127
=035  \\$a(OCoLC)1289063886
=035  \\$a(DNAL)209127-naldb-Voyager
=040  \\$aAGL$beng$cAGL
=049  \\$aAGLL
=070  \\$a1$bAg84M no. 925 1967 Spanish ed.
=072  \0$a8000
=100  1\$aHarrold, L. L.$q(Lloyd L.),$d1915-
=245  10$aAbsorcion del agua por el suelo; experimentos para estudiantes de secundaria.
=250  \\$a[1 ed. en espanol].
=260  \\$aMexico$c[1967]
=300  \\$a11 p.$billus.
=591  \\$bNAL Reclamation
=593  \\$fAgricola CAT
=655  \3$aInternet resource.
=700  1\$aHarrold, L. L.$q(Lloyd L.),$d1915-$tWater intake by soil; experiments for high school students.
=856  41$uhttps://archive.org/details/absorciondelagua925harr
=912  \\$analcatalog
=930  \\$a20140306$b00000000$c00000000
=945  \\$aDigiMet
=945  \\$p24
=946  \\$aNon-US
=959  \\$c2014-03-06$earojas$gap
=994  \\$a92$bAGL

