=LDR  02017cam a2200553Ia 4500
=001  9915503774107426
=005  20240624182604.0
=008  800401s1967\\\\orua\\\\\b\\\f000\0\eng\d
=016  7\$aCAT10235497$2DNAL
=019  \\$a1039868508$a1231827940
=035  \\$a209986
=035  \\$a(OCoLC)44912788$z(OCoLC)1039868508$z(OCoLC)1231827940
=035  \\$a(DNAL)209986-naldb-Voyager
=035  \\$z(OCoLC)1039868508$z(OCoLC)1231827940
=040  \\$aZ@7$beng$cZ@7$dOCLCQ$dMTG$dOCLCF$dOCLCA$dOCLCQ$dOCLCO$dSEA$dAGM$dOCLCA$dWURST$dAGL
=043  \\$an-us-or
=049  \\$aAGLL
=070  \\$aA99.9$bF7625U no. 47
=072  \0$a4500
=086  0\$aA 13.79:PNW-47
=100  1\$aDahms, Walter G.$0http://id.loc.gov/authorities/names/n83143057
=245  10$aLow stand density speeds lodgepole pine tree growth /$cby Walter G. Dahms.
=260  \\$aPortland, Or. :$bPacific Northwest Forest and Range Experiment Station, U.S. Dept. of Agriculture,$c[1967]
=300  \\$a11 pages :$billustrations ;$c27 cm.
=336  \\$atext$btxt$2rdacontent
=337  \\$aunmediated$bn$2rdamedia
=338  \\$avolume$bnc$2rdacarrier
=490  1\$aU.S. Forest Service research note PNW ;$v47
=504  \\$aIncludes bibliographical references.
=591  \\$bNAL Reclamation
=593  \\$fAgricola CAT
=650  \0$aLodgepole pine$zOregon.
=650  \0$aLodgepole pine$zOregon$xGrowth.
=650  \3$aPinus contorta.
=650  \3$aStand density.
=650  \3$aSoil water.
=651  \3$aOregon.
=651  \7$aOregon.$2fast$0(OCoLC)fst01204579
=655  \3$aInternet resource.
=710  2\$aPacific Northwest Forest and Range Experiment Station (Portland, Or.)$0http://id.loc.gov/authorities/names/n80126131
=830  \0$aU.S. Forest Service research note PNW ;$v47.
=856  41$uhttps://archive.org/details/lowstanddensitys47dahm
=912  \\$analcatalog
=930  \\$a20140506$b00000000$c00000000
=945  \\$aDigiMet
=945  \\$p16
=946  \\$aUSDA
=959  \\$c2014-05-06$earojas$gap
=994  \\$a92$bAGL

