=LDR  02194cam a2200505Ia 4500
=001  9915503820107426
=005  20240620203006.0
=008  800401s1967\\\\utu\\\\\\b\\\f000\0\eng\d
=016  7\$aCAT10235292$2DNAL
=035  \\$a209586
=035  \\$a(OCoLC)32180223
=035  \\$a(DNAL)209586-naldb-Voyager
=040  \\$aSDB$beng$cSDB$dNUI$dOCLCQ$dSEA$dOCLCF$dAGM$dAGL
=049  \\$aAGLL
=070  \\$aA99.9$bF764Un no. 60
=072  \0$a4500
=086  0\$aA 13.79:INT-60
=100  1\$aBingham, Richard T.$0http://id.loc.gov/authorities/names/n81124784
=245  10$aEconomical and reliable estimates of general combining ability for blister rust resistance obtained with mixed-pollen crosses /$cR.T. Bingham.
=260  \\$aOgden, Utah :$bU.S. Dept. of Agriculture, Forest Service, Intermountain Forest & Range Experiment Station,$c1967.
=300  \\$a4 pages ;$c27 cm.
=336  \\$atext$btxt$2rdacontent
=337  \\$aunmediated$bn$2rdamedia
=338  \\$avolume$bnc$2rdacarrier
=490  1\$aU.S. Forest Service research note INT ;$v60
=504  \\$aIncludes bibliographical references.
=591  \\$bNAL Reclamation
=593  \\$fAgricola CAT
=650  \0$aWestern white pine$xDisease and pest resistance$xGenetic aspects.
=650  \0$aBlister rust.$0http://id.loc.gov/authorities/subjects/sh85014894
=650  \3$aPinus monticola.
=650  \3$arust diseases.
=650  \3$adisease resistance.
=650  \3$atree breeding.
=655  \3$aInternet resource.
=710  2\$aIntermountain Forest and Range Experiment Station (Ogden, Utah)$0http://id.loc.gov/authorities/names/n79062786
=776  08$iOnline version:$aBingham, Richard T.$tEconomical and reliable estimates of general combining ability for blister rust resistance obtained with mixed-pollen crosses.$dOgden, Utah : U.S. Dept. of Agriculture, Forest Service, Intermountain Forest & Range Experiment Station, 1967$w(OCoLC)630568793
=830  \0$aU.S. Forest Service research note INT ;$v60.
=856  41$uhttps://archive.org/details/economicalreliab60bing
=912  \\$analcatalog
=930  \\$a20140604$b00000000$c00000000
=945  \\$aDigiMet
=945  \\$p8
=946  \\$aUSDA
=994  \\$a92$bAGL

