=LDR  02032cas a2200577 a 4500
=001  9915503987607426
=005  20240620203101.0
=008  951130d19461946dcu\x\\\\s\\\\0\\\\0eng\\
=010  \\$asn 95015650 
=012  \\$i9512
=016  7\$aCAT10713595$2DNAL
=035  \\$a770048
=035  \\$a(OCoLC)33827579
=035  \\$a(DNAL)770048-naldb-Voyager
=040  \\$aAGL$beng$cAGL$dOCLCQ$dOCLCO$dOCLCF$dOCLCO$dOCLCQ$dAGL
=042  \\$apcc
=043  \\$an-us---
=049  \\$aAGLL
=070  0\$a1.943$bF116
=072  \0$aE700
=072  \0$aQ002
=245  00$aForeign livestock and meat reports /$cUnited States Department of Agriculture, Office of Foreign Agricultural Relations.
=260  \\$a[Washington, D.C.] :$bThe Office,$c[1946]
=300  \\$a1 volume ;$c26 cm
=310  \\$aIrregular
=336  \\$atext$btxt$2rdacontent
=337  \\$aunmediated$bn$2rdamedia
=338  \\$avolume$bnc$2rdacarrier
=362  0\$aFLM-1 (Feb. 8, 1946).
=591  \\$bNAL Reclamation
=593  \\$fAgricola CAT
=650  \0$aMeat industry and trade$vStatistics$vPeriodicals.
=650  \0$aAnimal industry$vStatistics$vPeriodicals.
=650  \0$aMeat industry and trade$zUnited States$vStatistics$vPeriodicals.
=650  \0$aAnimal industry$zUnited States$vStatistics$vPeriodicals.
=651  \7$aUnited States.$2fast$0(OCoLC)fst01204155
=655  \3$aInternet resource.
=655  \7$aPeriodicals.$2fast$0(OCoLC)fst01411641
=655  \7$aStatistics.$2fast$0(OCoLC)fst01423727
=710  1\$aUnited States.$bOffice of Foreign Agricultural Relations.$0http://id.loc.gov/authorities/names/n85271417
=785  00$tForeign agriculture circular. FLM$w(DLC)   87655109$w(OCoLC)15669093
=850  \\$aDNAL
=856  41$uhttps://archive.org/details/usda-foreignagriculturecircularsugar
=912  \\$analcatalog
=930  \\$a20140812$b20140905$c00000000
=939  \\$a19951204$b19951207$c00000000
=945  \\$djmb$e95/11/30$fjmb$g95/11/30
=945  \\$p28
=945  \\$aDigiMet
=946  \\$aUSDA
=994  \\$a92$bAGL

