=LDR  03476cas a2200877 a 4500
=001  9915504038407426
=005  20240624182625.0
=008  870429d19851986dcusx\p\\s\\\f0\\\\0eng\\
=010  \\$a   87655049 
=012  \\$a2$i8706
=016  7\$aCAT10534256$2DNAL
=035  \\$a770288
=035  \\$a(OCoLC)15606648
=035  \\$a(DNAL)770288-naldb-Voyager
=040  \\$aDLC$beng$cDLC$dGPO$dHUL$dNSD$dNST$dGPO$dDLC$dAGL$dOCLCQ$dOCLCO$dOCLCQ$dOCLCA$dOCLCF$dOCLCO$dCUY
=042  \\$apcc
=043  \\$an-us---
=049  \\$aAGLL
=050  00$aHD9030.1$b.F69
=070  0\$a1.943$bF7633
=072  \\$aE700
=072  \\$aQ004
=086  0\$aA 67.18:FG-
=245  00$aForeign agriculture circular.$pGrains.$pWorld grain situation and outlook /$cUnited States Department of Agriculture, Foreign Agricultural Service.
=246  10$aGrains.$pWorld grain situation and outlook
=246  10$aWorld grain situation and outlook
=260  \\$a[Washington, D.C.] :$bUnited States Department of Agriculture, Foreign Agricultural Service
=300  \\$av. ;$c29 cm.
=310  \\$aSixteen issues yearly
=336  \\$atext$btxt$2rdacontent
=337  \\$aunmediated$bn$2rdamedia
=338  \\$avolume$bnc$2rdacarrier
=362  1\$aBegan in 1985; ceased in 1986.
=515  \\$aIssue for February 12, 1985 lacks FG designation.
=530  \\$aAlso issued to depository libraries on microfiche.
=530  \\$aIssued also to depository libraries in microfiche.
=550  \\$aPrepared by: Grain and Feed Division, Commodity Programs, FAS/USDA.
=588  \\$aDescription based on: February 12, 1985; title from caption.
=588  \\$aLatest issue consulted: FG-85-16 (Dec. 1985).
=591  \\$bNAL Reclamation
=593  \\$fAgricola CAT
=650  \0$aGrain trade$vStatistics$vPeriodicals.
=650  \0$aGrain trade$zUnited States$vStatistics$vPeriodicals.
=650  \0$aFlour industry$vStatistics$vPeriodicals.
=650  \0$aFeed industry$vStatistics$vPeriodicals.
=650  \0$aFlour industry$zUnited States$vStatistics$vPeriodicals.
=650  \0$aFeed industry$zUnited States$vStatistics$vPeriodicals.
=651  \7$aUnited States.$2fast$0(OCoLC)fst01204155
=655  \7$aPeriodicals.$2fast$0(OCoLC)fst01411641
=655  \7$aStatistics.$2fast$0(OCoLC)fst01423727
=710  1\$aUnited States.$bWorld Agricultural Outlook Board.
=710  1\$aUnited States.$bForeign Agricultural Service.$bGrain and Feed Division.$0http://id.loc.gov/authorities/names/n83151341
=776  1\$cMicrofiche$dSupt. of Docs., U.S.G.P.O.$w(OCoLC)16139949
=776  08$iOnline version:$tForeign agriculture circular. Grains. World grain situation and outlook$w(OCoLC)760003039
=780  01$tForeign agriculture circular. Grain$x0145-0190$w(DLC)   87655047$w(OCoLC)1538590
=785  08$iContinued Jan. 1987 by:$tWorld grain situation and outlook$x0898-3399$w(DLC)sn 87024292$w(OCoLC)15325111
=850  \\$aCSt$aDLC$aDNAL$aInLP$aMH-BA
=856  41$uhttps://archive.org/details/usda-foreignagriculturecircularsugar
=912  \\$analcatalog
=930  \\$a19960102$b19960111$c00000000
=945  \\$djmb$e95/12/06$fjmb$g95/12/06
=945  \\$vpt. 1
=945  \\$p392
=945  \\$aDigiMet
=945  \\$vpt. 2
=945  \\$p276
=945  \\$aDigiMet
=945  \\$vpt. 3
=945  \\$p450
=945  \\$aDigiMet
=945  \\$vpt. 4
=945  \\$p360
=945  \\$aDigiMet
=946  \\$aUSDA
=959  \\$c2014-10-03$essouder$gurl
=994  \\$a92$bAGL

