=LDR  02325cam a2200589Ia 4500
=001  9915504201607426
=005  20240624182649.0
=008  840530s1984\\\\utuab\\\\s\\\f000\0\eng\\
=016  7\$aCAT10714176$2DNAL
=019  \\$a1225766599
=035  \\$a770442
=035  \\$a(OCoLC)10786385$z(OCoLC)1225766599
=035  \\$a(DNAL)770442-naldb-Voyager
=035  \\$z(OCoLC)1225766599
=040  \\$aAGL$beng$cAGL$dGPO$dOCL$dOCLCQ$dSPI$dOCLCO$dOCLCF$dOCLCQ$dOCLCA$dWURST$dCUT$dAGL
=043  \\$an-us-id
=049  \\$aAGLL
=050  \0$aSD11.A53$bR62 no.34
=070  \\$aA99.9$bF764Ub no.34
=072  \0$aE110
=074  \\$a83-B-05 (microfiche)
=086  0\$aA 13.80:INT-34
=100  1\$aVan Hooser, Dwane D.$0http://id.loc.gov/authorities/names/n83061832
=245  10$aForest statistics for private land in northern Idaho /$cDwane D. Van Hooser.
=260  \\$aOgden, UT. :$bU.S. Dept. of Agriculture, Forest Service, Intermountain Forest and Range Experiment Station,$c1984.
=300  \\$a38 pages :$billustrations, 2 maps ;$c28 cm.
=336  \\$atext$btxt$2rdacontent
=337  \\$aunmediated$bn$2rdamedia
=338  \\$avolume$bnc$2rdacarrier
=490  1\$aResource bulletin INT ;$v34
=591  \\$bNAL Reclamation
=593  \\$fAgricola CAT
=650  \0$aTimber$zIdaho$vStatistics.
=650  \0$aLand use$zIdaho$vStatistics.
=650  \3$aForests and forestry$zIdaho.
=650  \3$aForest landowners$zIdaho.
=651  \7$aIdaho.$2fast$0(OCoLC)fst01211709
=655  \3$aInternet resource.
=655  \7$aStatistics.$2fast$0(OCoLC)fst01423727
=710  2\$aIntermountain Forest and Range Experiment Station (Ogden, Utah)$0http://id.loc.gov/authorities/names/n79062786
=776  08$iOnline version:$aVan Hooser, Dwane D.$tForest statistics for private land in northern Idaho.$dOgden, UT. : U.S. Dept. of Agriculture, Forest Service, Intermountain Forest and Range Experiment Station, 1984$w(OCoLC)902753635
=830  \0$aResource bulletin INT ;$v34.
=856  41$uhttps://archive.org/details/foreststatistics34vanh
=912  \\$analcatalog
=930  \\$a20140605$b20140704$c00000000
=939  \\$a19960102$b19960111$c00000000
=945  \\$dCDW$e84/05/18$fRY$g95/12/08$n1
=945  \\$p48
=945  \\$aDigiMet
=946  \\$aUSDA
=959  \\$c2014-06-05$earojas$gap
=994  \\$a92$bAGL

