=LDR  09640cas a2204549 a 4500
=001  9915504208307426
=005  20240620204658.0
=008  870511d19461957dcu\x\\\\s\\\f0\\\\0eng\\
=010  \\$a   87655109 
=012  \\$a2$i8708
=016  7\$aCAT10253658$2DNAL
=035  \\$a770011
=035  \\$a(OCoLC)15669093
=035  \\$a(DNAL)770011-naldb-Voyager
=040  \\$aDLC$beng$cDLC$dNST$dAGL$dOCLCQ$dOCLCO$dOCLCF$dOCLCO
=042  \\$apcc
=043  \\$an-us---
=049  \\$aAGLL
=050  00$aHD9410.1$b.F67
=070  0\$a1.943$bF116
=072  \0$aE700
=072  \0$aQ002
=245  00$aForeign agriculture circular.$nFLM /$cOffice of Foreign Agricultural Relations, United States Department of Agriculture.
=260  \\$aWashington, D.C. :$bThe Office,$c[1946-1957]
=300  \\$a12 v. ;$c26 cm.
=310  \\$aIrregular
=362  0\$a46-1 (July 1946)-57-8 (June 1, 1957).
=550  \\$aIssued by: United States Department of Agriculture, Foreign Agricultural Service, Apr. 1953-1957.
=591  \\$bNAL Reclamation
=593  \\$fAgricola CAT
=650  \0$aMeat industry and trade$vStatistics$vPeriodicals.
=650  \0$aAnimal industry$vStatistics$vPeriodicals.
=650  \0$aMeat industry and trade$zUnited States$vStatistics$vPeriodicals.
=650  \0$aAnimal industry$zUnited States$vStatistics$vPeriodicals.
=651  \7$aUnited States.$2fast$0(OCoLC)fst01204155
=655  \3$aInternet resource.
=655  \7$aPeriodicals.$2fast$0(OCoLC)fst01411641
=655  \7$aStatistics.$2fast$0(OCoLC)fst01423727
=710  1\$aUnited States.$bOffice of Foreign Agricultural Relations.$0http://id.loc.gov/authorities/names/n85271417
=710  1\$aUnited States.$bForeign Agricultural Service.$0http://id.loc.gov/authorities/names/n80126196
=776  08$iOnline version:$tForeign agriculture circular. FLM$w(OCoLC)985413625
=780  00$tForeign livestock and meat reports$w(DLC)sn 95015650$w(OCoLC)33827579
=785  00$tForeign agriculture circular. Livestock and meats$x0145-0980$w(DLC)   87655110$w(OCoLC)1538647
=850  \\$aCSt$aDLC$aDNAL$aInLP
=852  \\$aDNAL$i1.943 F116
=856  41$uhttps://archive.org/details/usda-foreignagriculturecircularsugar
=912  \\$analcatalog
=930  \\$a20140812$b20140905$c00000000
=939  \\$a19951204$b19951207$c00000000
=945  \\$djmb$e95/11/30$fjmb$g95/11/30
=945  \\$vpt. 1
=945  \\$p30
=945  \\$aDigiMet
=945  \\$vpt. 2
=945  \\$p10
=945  \\$aDigiMet
=945  \\$vpt. 3
=945  \\$p12
=945  \\$aDigiMet
=945  \\$vpt. 4
=945  \\$p10
=945  \\$aDigiMet
=945  \\$vpt. 5
=945  \\$p10
=945  \\$aDigiMet
=945  \\$vpt. 6
=945  \\$p14
=945  \\$aDigiMet
=945  \\$vpt. 7
=945  \\$p12
=945  \\$aDigiMet
=945  \\$vpt. 8
=945  \\$p10
=945  \\$aDigiMet
=945  \\$vpt. 9
=945  \\$p10
=945  \\$aDigiMet
=945  \\$vpt. 10
=945  \\$p14
=945  \\$aDigiMet
=945  \\$vpt. 11
=945  \\$p16
=945  \\$aDigiMet
=945  \\$vpt. 12
=945  \\$p12
=945  \\$aDigiMet
=945  \\$vpt. 13
=945  \\$p12
=945  \\$aDigiMet
=945  \\$vpt. 14
=945  \\$p10
=945  \\$aDigiMet
=945  \\$vpt. 15
=945  \\$p10
=945  \\$aDigiMet
=945  \\$vpt. 16
=945  \\$p22
=945  \\$aDigiMet
=945  \\$vpt. 17
=945  \\$p20
=945  \\$aDigiMet
=945  \\$vpt. 18
=945  \\$p16
=945  \\$aDigiMet
=945  \\$vpt. 19
=945  \\$p12
=945  \\$aDigiMet
=945  \\$vpt. 20
=945  \\$p14
=945  \\$aDigiMet
=945  \\$vpt. 21
=945  \\$p14
=945  \\$aDigiMet
=945  \\$vpt. 22
=945  \\$p12
=945  \\$aDigiMet
=945  \\$vpt. 23
=945  \\$p14
=945  \\$aDigiMet
=945  \\$vpt. 24
=945  \\$p20
=945  \\$aDigiMet
=945  \\$vpt. 25
=945  \\$p20
=945  \\$aDigiMet
=945  \\$vpt. 26
=945  \\$p16
=945  \\$aDigiMet
=945  \\$vpt. 27
=945  \\$p16
=945  \\$aDigiMet
=945  \\$vpt. 28
=945  \\$p10
=945  \\$aDigiMet
=945  \\$vpt. 29
=945  \\$p18
=945  \\$aDigiMet
=945  \\$vpt. 30
=945  \\$p14
=945  \\$aDigiMet
=945  \\$vpt. 31
=945  \\$p18
=945  \\$aDigiMet
=945  \\$vpt. 32
=945  \\$p14
=945  \\$aDigiMet
=945  \\$vpt. 33
=945  \\$p16
=945  \\$aDigiMet
=945  \\$vpt. 34
=945  \\$p14
=945  \\$aDigiMet
=945  \\$vpt. 35
=945  \\$p26
=945  \\$aDigiMet
=945  \\$vpt. 36
=945  \\$p12
=945  \\$aDigiMet
=945  \\$vpt. 37
=945  \\$p10
=945  \\$aDigiMet
=945  \\$vpt. 38
=945  \\$p10
=945  \\$aDigiMet
=945  \\$vpt. 39
=945  \\$p10
=945  \\$aDigiMet
=945  \\$vpt. 40
=945  \\$p34
=945  \\$aDigiMet
=945  \\$vpt. 41
=945  \\$p10
=945  \\$aDigiMet
=945  \\$vpt. 42
=945  \\$p12
=945  \\$aDigiMet
=945  \\$vpt. 43
=945  \\$p10
=945  \\$aDigiMet
=945  \\$vpt. 44
=945  \\$p16
=945  \\$aDigiMet
=945  \\$vpt. 45
=945  \\$p8
=945  \\$aDigiMet
=945  \\$vpt. 46
=945  \\$p10
=945  \\$aDigiMet
=945  \\$vpt. 47
=945  \\$p10
=945  \\$aDigiMet
=945  \\$vpt. 48
=945  \\$p10
=945  \\$aDigiMet
=945  \\$vpt. 49
=945  \\$p20
=945  \\$aDigiMet
=945  \\$vpt. 50
=945  \\$p8
=945  \\$aDigiMet
=945  \\$vpt. 51
=945  \\$p8
=945  \\$aDigiMet
=945  \\$vpt. 52
=945  \\$p8
=945  \\$aDigiMet
=945  \\$vpt. 53
=945  \\$p8
=945  \\$aDigiMet
=945  \\$vpt. 54
=945  \\$p12
=945  \\$aDigiMet
=945  \\$vpt. 55
=945  \\$p10
=945  \\$aDigiMet
=945  \\$vpt. 56
=945  \\$p10
=945  \\$aDigiMet
=945  \\$vpt. 57
=945  \\$p10
=945  \\$aDigiMet
=945  \\$vpt. 58
=945  \\$p14
=945  \\$aDigiMet
=945  \\$vpt. 59
=945  \\$p8
=945  \\$aDigiMet
=945  \\$vpt. 60
=945  \\$p10
=945  \\$aDigiMet
=945  \\$vpt. 61
=945  \\$p10
=945  \\$aDigiMet
=945  \\$vpt. 62
=945  \\$p10
=945  \\$aDigiMet
=945  \\$vpt. 63
=945  \\$p10
=945  \\$aDigiMet
=945  \\$vpt. 64
=945  \\$p10
=945  \\$aDigiMet
=945  \\$vpt. 65
=945  \\$p10
=945  \\$aDigiMet
=945  \\$vpt. 66
=945  \\$p10
=945  \\$aDigiMet
=945  \\$vpt. 67
=945  \\$p10
=945  \\$aDigiMet
=945  \\$vpt. 68
=945  \\$p14
=945  \\$aDigiMet
=945  \\$vpt. 69
=945  \\$p10
=945  \\$aDigiMet
=945  \\$vpt. 70
=945  \\$p12
=945  \\$aDigiMet
=945  \\$vpt. 71
=945  \\$p16
=945  \\$aDigiMet
=945  \\$vpt. 72
=945  \\$p12
=945  \\$aDigiMet
=945  \\$vpt. 73
=945  \\$p10
=945  \\$aDigiMet
=945  \\$vpt. 74
=945  \\$p10
=945  \\$aDigiMet
=945  \\$vpt. 75
=945  \\$p12
=945  \\$aDigiMet
=945  \\$vpt. 76
=945  \\$p8
=945  \\$aDigiMet
=945  \\$vpt. 77
=945  \\$p14
=945  \\$aDigiMet
=945  \\$vpt. 78
=945  \\$p14
=945  \\$aDigiMet
=945  \\$vpt. 79
=945  \\$p12
=945  \\$aDigiMet
=945  \\$vpt. 80
=945  \\$p8
=945  \\$aDigiMet
=945  \\$vpt. 81
=945  \\$p10
=945  \\$aDigiMet
=945  \\$vpt. 82
=945  \\$p10
=945  \\$aDigiMet
=945  \\$vpt. 83
=945  \\$p8
=945  \\$aDigiMet
=945  \\$vpt. 84
=945  \\$p8
=945  \\$aDigiMet
=945  \\$vpt. 85
=945  \\$p16
=945  \\$aDigiMet
=945  \\$vpt. 86
=945  \\$p16
=945  \\$aDigiMet
=945  \\$vpt. 87
=945  \\$p26
=945  \\$aDigiMet
=945  \\$vpt. 88
=945  \\$p10
=945  \\$aDigiMet
=945  \\$vpt. 89
=945  \\$p20
=945  \\$aDigiMet
=945  \\$vpt. 90
=945  \\$p18
=945  \\$aDigiMet
=945  \\$vpt. 91
=945  \\$p10
=945  \\$aDigiMet
=945  \\$vpt. 92
=945  \\$p10
=945  \\$aDigiMet
=945  \\$vpt. 93
=945  \\$p10
=945  \\$aDigiMet
=945  \\$vpt. 94
=945  \\$p14
=945  \\$aDigiMet
=945  \\$vpt. 95
=945  \\$p12
=945  \\$aDigiMet
=945  \\$vpt. 96
=945  \\$p26
=945  \\$aDigiMet
=945  \\$vpt. 97
=945  \\$p14
=945  \\$aDigiMet
=945  \\$vpt. 98
=945  \\$p10
=945  \\$aDigiMet
=945  \\$vpt. 99
=945  \\$p8
=945  \\$aDigiMet
=945  \\$vpt. 100
=945  \\$p14
=945  \\$aDigiMet
=945  \\$vpt. 101
=945  \\$p16
=945  \\$aDigiMet
=945  \\$vpt. 102
=945  \\$p12
=945  \\$aDigiMet
=945  \\$vpt. 103
=945  \\$p12
=945  \\$aDigiMet
=945  \\$vpt. 104
=945  \\$p20
=945  \\$aDigiMet
=945  \\$vpt. 105
=945  \\$p18
=945  \\$aDigiMet
=945  \\$vpt. 106
=945  \\$p12
=945  \\$aDigiMet
=945  \\$vpt. 107
=945  \\$p12
=945  \\$aDigiMet
=945  \\$vpt. 108
=945  \\$p12
=945  \\$aDigiMet
=945  \\$vpt. 109
=945  \\$p10
=945  \\$aDigiMet
=945  \\$vpt. 110
=945  \\$p6
=945  \\$aDigiMet
=946  \\$aUSDA
=994  \\$a92$bAGL

