=LDR  01556cam a2200421M  4500
=001  9915504521807426
=005  20240624182645.0
=008  800222s1885\\\\dcu\\\\\\\\\\\000\0\eng\d
=016  7\$aCAT11020369$2DNAL
=035  \\$a336310
=035  \\$a(OCoLC)78538232
=035  \\$a(DNAL)336310-naldb-Voyager
=040  \\$aNIC$beng$cVXG$dOCLCQ$dOCLCO$dOCLCQ$dAGL
=049  \\$aRQIB
=070  0\$a452.3$bV44D
=072  \0$aF700
=100  1\$aVasey, George,$d1822-1893.$0http://id.loc.gov/authorities/names/no2009055177
=245  12$aA descriptive catalogue of the grasses of the United States,$bincluding especially the grass collections at the New Orleans Exposition made by the U.S. Department of Agriculture, and the state exhibits of grasses, with notes on such species as are more or less employed in agriculture, or deserving or trial for cultivation.
=260  \\$aWashington,$bGibson Bros.,$c1885.
=300  \\$a110 pages$c24 cm
=336  \\$atext$btxt$2rdacontent
=337  \\$aunmediated$bn$2rdamedia
=338  \\$avolume$bnc$2rdacarrier
=591  \\$bNAL Reclamation
=593  \\$fAgricola CAT
=650  \0$aGrasses$zUnited States.
=655  \3$aInternet resource.
=856  41$uhttp://archive.org/details/descriptivecatal00vase
=911  \\$ichl00187955
=912  \\$analcatalog
=930  \\$a20130906$b20131018$c00000000
=939  \\$a20130506$b20130607$c00000000
=945  \\$aDigiMet
=945  \\$p126
=946  \\$aOther US
=959  \\$c2013-09-06$essouder$gurl
=959  \\$c2013-05-01$edfriedma$gsubjadd
=994  \\$a92$bAGL

