=LDR  02408cam a2200601Ia 4500
=001  9915504742207426
=005  20240624182754.0
=007  hd\bfv---baap
=008  990917s1909\\\\dcuabf\\a\\\\f000\0\eng\d
=016  7\$aCAT10877682$2DNAL
=035  \\$a836393
=035  \\$a(OCoLC)38453081
=035  \\$a(DNAL)836393-naldb-Voyager
=040  \\$aAAA$beng$cAAA$dAGL$dOCLCQ$dOCLCF$dOCLCQ$dOCLCO$dOCLCQ$dOCLCA
=043  \\$an-us-al
=049  \\$aAGLL
=050  \0$aS534.A2$bO94 1909a
=070  0\$aFilm$b1736
=070  0\$a1$bEx6B no. 220 1909
=072  \0$aC100
=100  1\$aOwens, Clarence J.
=245  10$aSecondary agricultural education in Alabama /$cby C.J. Owens.
=260  \\$aWashington, D.C. :$bG.P.O.,$c1909.
=300  \\$a30 pages, viii leaves of plates :$billustrations, map ;$c23 cm.
=336  \\$atext$btxt$2rdacontent
=337  \\$amicroform$bh$2rdamedia
=338  \\$amicrofilm reel$bhd$2rdacarrier
=490  1\$aBulletin / U.S. Department of Agriculture. Office of Experiment Stations ;$v220
=530  \\$aAlso available in print at 1 Ex6B no. 220 1909.
=533  \\$aMicrofilm.$bAuburn, Ala. :$cAuburn University Libraries ;$bMobile, Ala. :$cDocument Technology,$d1998.$e1 microfilm reel : negative ; 35 mm.$f(United States Agriculture Information Network (USAIN)/National Endowment for the Humanities (NEH) Preservation Project).
=539  \\$as$b1998$dalu$en$ga
=591  \\$bNAL Reclamation
=593  \\$fAgricola CAT
=650  \0$aAgricultural education$zAlabama.
=650  \0$aEducation, Secondary$zAlabama.
=650  \0$aAgriculture$xStudy and teaching (Secondary)$zAlabama.
=651  \7$aAlabama.$2fast$0(OCoLC)fst01204694
=655  \3$aInternet resource.
=710  1\$aUnited States.$bOffice of Experiment Stations.$0http://id.loc.gov/authorities/names/n82110275
=830  \0$aBulletin (United States. Office of Experiment Stations) ;$v220.
=830  \0$aUSAIN State and Local Literature Preservation Project: Alabama.
=856  41$uhttps://archive.org/details/secondaryagricul220owen
=912  \\$analcatalog
=930  \\$a20140812$b20140905$c00000000
=939  \\$a20140205$b20140307$c00000000
=939  \\$a19991003$b19991007$c00000000
=945  \\$dCM$e99/09/17$fCM$g99/09/17
=945  \\$p52
=945  \\$aDigiMet
=945  \\$aDigiMet
=946  \\$aUSDA
=958  \\$aresource$be$c2014-02-05$dn$edgoldber$hrecon
=994  \\$a92$bAGL

