=LDR  04759cas a2201237 a 4500
=001  9915504981507426
=005  20240624183809.0
=008  961204d19331947dcumr\p\\\\\\f0\\\\0eng\c
=010  \\$a   36012412 $zsn 92034141 
=012  \\$i9207
=016  7\$aCAT10818186$2DNAL
=019  \\$a2446173$a49445095$a1004924158$a1102106993
=035  \\$a788372
=035  \\$a(OCoLC)01564935$z(OCoLC)2446173$z(OCoLC)49445095$z(OCoLC)1004924158$z(OCoLC)1102106993
=035  \\$a(DNAL)788372-naldb-Voyager
=035  \\$z(OCoLC)2446173$z(OCoLC)49445095$z(OCoLC)1004924158$z(OCoLC)1102106993
=040  \\$aMUL$beng$cMUL$dIUL$dOCL$dNYG$dAGL$dDLC$dOCLCQ$dHVL$dIUL$dOCLCQ$dOCLCA$dOCLCQ$dOCLCA$dOCLCF$dOCLCO$dOCLCA$dGILDS$dOCLCO$dZAS$dOCLCO
=042  \\$apcc$apremarc
=043  \\$an-us---
=049  \\$aAGLL
=050  00$aTX335.A1$bC65
=070  0\$a1.94$bAd422C
=072  \0$aE550
=072  \0$aE720
=130  0\$aConsumers' guide (Washington, D.C.)
=245  10$aConsumers' guide.
=246  30$aCG consumers' guide
=260  \\$aWashington, D.C. :$bConsumers' Counsel of the Agricultural Adjustment Administration,$c1933-1947.
=300  \\$a13 volumes :$billustrations ;$c27-29 cm
=310  \\$aMonthly,$bSept. 1942-July 1947
=321  \\$aSemimonthly, Oct.-May (Monthly, June-Sept.),$bJune 6 and 20, 1938-Aug. 1942
=321  \\$aBiweekly,$bSept. 14, 1933-May 23, 1938
=336  \\$atext$btxt$2rdacontent
=337  \\$aunmediated$bn$2rdamedia
=338  \\$avolume$bnc$2rdacarrier
=362  0\$a[Vol. 1] no. 1 (Sept. 14, 1933)-v. 13, no. 7 (July 1947).
=515  \\$aNone issued for Nov. 1935, and between Nov. 1, 1939-Mar. 1, 1940, inclusive.
=525  \\$aSome no. accompanied by supplement with title: CG news letters.
=550  \\$aIssued Sept. 14, 1933-Apr. 1, 1940 by Consumers' Counsel of the Agricultural Adjustment Administration; issued Apr. 15 1940-Dec. 1942 by Consumers' Counsel Division of the Dept. of Agriculture; issued Jan.-July 1943, Aug. 1945-July 1947 by Dept. of Agriculture; issued Aug. 1943-July 1945 by War Food Administration.
=550  \\$aIssued 1933-Feb. 1937 in cooperation with the Bureau of Agricultural Economics, Bureau of Home Economics, Bureau of Labor Statistics.
=591  \\$bNAL Reclamation
=593  \\$fAgricola CAT
=650  \0$aConsumer education$zUnited States$vPeriodicals.
=650  \0$aAgriculture$zUnited States$vPeriodicals.
=650  \0$aCost and standard of living$zUnited States$vPeriodicals.
=651  \7$aUnited States.$2fast$0(OCoLC)fst01204155
=655  \3$aInternet resource.
=655  \7$aPeriodicals.$2fast$0(OCoLC)fst01411641
=655  \7$aPeriodicals.$2lcgft$0http://id.loc.gov/authorities/genreForms/gf2014026139
=710  1\$aUnited States.$bAgricultural Adjustment Administration.$bConsumers' Counsel Division.$0http://id.loc.gov/authorities/names/n91047550
=710  1\$aUnited States.$bWar Food Administration.$0http://id.loc.gov/authorities/names/n82224490
=710  1\$aUnited States.$bDepartment of Agriculture.$bConsumers' Counsel Division.
=710  1\$aUnited States.$bDepartment of Agriculture.
=710  1\$aUnited States.$bBureau of Agricultural Economics.$0http://id.loc.gov/authorities/names/n80060900
=710  1\$aUnited States.$bBureau of Home Economics.$0http://id.loc.gov/authorities/names/no92005258
=710  1\$aUnited States.$bBureau of Labor Statistics.$0http://id.loc.gov/authorities/names/n79076159
=776  08$iOnline version:$tConsumers' guide (Washington, D.C.)$w(OCoLC)664393042
=850  \\$aDLC$aDNAL$aN
=856  41$uhttps://archive.org/details/usda-consumersguide
=912  \\$analcatalog
=930  \\$a20140812$b20140905$c00000000
=939  \\$a20140310$b20140404$c00000000
=939  \\$a19970106$b19970110$c00000000
=945  \\$dJH$e96/12/03$fCM$g96/12/04
=945  \\$vpt. 1
=945  \\$p698
=945  \\$aDigiMet
=945  \\$vpt. 2
=945  \\$p832
=945  \\$aDigiMet
=945  \\$vpt. 3
=945  \\$p684
=945  \\$aDigiMet
=945  \\$vpt. 4
=945  \\$p548
=945  \\$aDigiMet
=945  \\$vpt. 5
=945  \\$p456
=945  \\$aDigiMet
=945  \\$vpt. 6
=945  \\$p332
=945  \\$aDigiMet
=945  \\$vpt. 7
=945  \\$p338
=945  \\$aDigiMet
=945  \\$vpt. 8
=945  \\$p354
=945  \\$aDigiMet
=945  \\$vpt. 9
=945  \\$p264
=945  \\$aDigiMet
=945  \\$vpt. 10
=945  \\$p234
=945  \\$aDigiMet
=945  \\$vpt. 11
=945  \\$p196
=945  \\$aDigiMet
=945  \\$vpt. 12
=945  \\$p204
=945  \\$aDigiMet
=945  \\$vpt. 13
=945  \\$p122
=945  \\$aDigiMet
=946  \\$aOther US
=959  \\$c2013-04-02$essouder$gap
=994  \\$a92$bAGL

