=LDR  04259cas a2201633 a 4500
=001  9915505050207426
=005  20240624183806.0
=008  970206d19181919dcumn\p\\s\\\f0\\\a0eng\c
=010  \\$aagr18000442 $zsn 91034487 
=012  \\$i9109
=016  7\$aCAT10821624$2DNAL
=035  \\$a791046
=035  \\$a(OCoLC)05134350
=035  \\$a(DNAL)791046-naldb-Voyager
=040  \\$aLibrary, U.S. Dept. of Agriculture$beng$cIUL$dIUL$dNYG$dIUL$dAGL$dDLC$dOCLCQ$dCZL$dKRTAS$dOCLCQ$dAGL$dOCLCF$dOCLCO$dOCL$dOCLCA$dOCLCQ$dOCL
=042  \\$apcc$apremarc
=043  \\$an-us---
=049  \\$aAGLL
=050  00$aHD9004$b.A27
=070  0\$a1$bM34F
=072  \0$aE720
=072  \0$aQ000
=245  00$aFood surveys /$cUnited States Department of Agriculture, Bureau of Markets.
=260  \\$aWashington, D.C. :$bThe Bureau,$c1918-1919.
=300  \\$a2 volumes :$billustrations ;$c29 cm
=310  \\$aMonthly, with special numbers issued from time to time
=336  \\$atext$btxt$2rdacontent
=337  \\$aunmediated$bn$2rdamedia
=338  \\$avolume$bnc$2rdacarrier
=362  0\$aVol. 1, no. 1 (Apr. 29, 1918)-v. 2, no. 27 (June 27, 1919).
=580  \\$aMerged with: Seed reporter; to form: Market reporter (Washington, D.C.).
=591  \\$bNAL Reclamation
=593  \\$fAgricola CAT
=650  \0$aFood supply$zUnited States$vStatistics$vPeriodicals.
=650  \0$aWorld War, 1914-1918$zUnited States.
=651  \7$aUnited States.$2fast$0(OCoLC)fst01204155
=647  \7$aWorld War$d(1914-1918)$2fast$0(OCoLC)fst01180746
=648  \7$a1914-1918$2fast
=655  \3$aInternet resource.
=655  \7$aPeriodicals.$2fast$0(OCoLC)fst01411641
=655  \7$aStatistics.$2fast$0(OCoLC)fst01423727
=710  1\$aUnited States.$bBureau of Markets.$0http://id.loc.gov/authorities/names/n85166555
=776  08$iOnline version:$tFood surveys$w(OCoLC)607753977
=785  17$tSeed reporter$w(DLC)agr17001165$w(OCoLC)4281296
=785  17$tMarket reporter (Washington, D.C.)$w(DLC)agr20000012$w(OCoLC)1756702
=850  \\$aDLC$aDNAL$aInU$aN
=856  41$uhttp://archive.org/details/usda-cropsandmarkets
=912  \\$analcatalog
=930  \\$a20131022$b20131101$c00000000
=938  \\$aKirtas Technologies, Inc.$bKRTS$n702341
=939  \\$a20121213$b20130104$c00000000
=939  \\$a19970303$b19970307$c00000000
=945  \\$dJH$e97/02/04$fCM$g97/02/06
=945  \\$p12
=945  \\$aDigiMet
=945  \\$p22
=945  \\$aDigiMet
=945  \\$p12
=945  \\$aDigiMet
=945  \\$p12
=945  \\$aDigiMet
=945  \\$p36
=945  \\$aDigiMet
=945  \\$p12
=945  \\$aDigiMet
=945  \\$p24
=945  \\$aDigiMet
=945  \\$p12
=945  \\$aDigiMet
=945  \\$p26
=945  \\$aDigiMet
=945  \\$p12
=945  \\$aDigiMet
=945  \\$p20
=945  \\$aDigiMet
=945  \\$p24
=945  \\$aDigiMet
=945  \\$p32
=945  \\$aDigiMet
=945  \\$p12
=945  \\$aDigiMet
=945  \\$p12
=945  \\$aDigiMet
=945  \\$p12
=945  \\$aDigiMet
=945  \\$p20
=945  \\$aDigiMet
=945  \\$p36
=945  \\$aDigiMet
=945  \\$p20
=945  \\$aDigiMet
=945  \\$p28
=945  \\$aDigiMet
=945  \\$p12
=945  \\$aDigiMet
=945  \\$p20
=945  \\$aDigiMet
=945  \\$p24
=945  \\$aDigiMet
=945  \\$p16
=945  \\$aDigiMet
=945  \\$p24
=945  \\$aDigiMet
=945  \\$p12
=945  \\$aDigiMet
=945  \\$p16
=945  \\$aDigiMet
=945  \\$p24
=945  \\$aDigiMet
=945  \\$p16
=945  \\$aDigiMet
=945  \\$p12
=945  \\$aDigiMet
=945  \\$p32
=945  \\$aDigiMet
=945  \\$p12
=945  \\$aDigiMet
=945  \\$p12
=945  \\$aDigiMet
=945  \\$p16
=945  \\$aDigiMet
=945  \\$p20
=945  \\$aDigiMet
=945  \\$p12
=945  \\$aDigiMet
=945  \\$p12
=945  \\$aDigiMet
=945  \\$p20
=945  \\$aDigiMet
=945  \\$p8
=945  \\$aDigiMet
=945  \\$p12
=945  \\$aDigiMet
=945  \\$p16
=945  \\$aDigiMet
=946  \\$aUSDA
=959  \\$c2013-10-22$essouder$gurl
=959  \\$c2012-12-13$ergallett$gupgrade
=994  \\$a92$bAGL

