=LDR  12482cas a2205893 a 4500
=001  9915505095507426
=005  20240624183817.0
=008  970206d19271957dcuar\p\\s\\\f0\\\\0eng\c
=010  \\$aagr56000002 $zsn 91034501 
=012  \\$i9109
=016  7\$aCAT10821618$2DNAL
=019  \\$a2259935$a12065113$a1041145064$a1114931574
=035  \\$a791040
=035  \\$a(OCoLC)01780385$z(OCoLC)2259935$z(OCoLC)12065113$z(OCoLC)1041145064$z(OCoLC)1114931574
=035  \\$a(DNAL)791040-naldb-Voyager
=035  \\$z(OCoLC)2259935$z(OCoLC)12065113$z(OCoLC)1041145064$z(OCoLC)1114931574
=040  \\$aMUL$beng$cMUL$dIUL$dNYG$dOCL$dAGL$dOCL$dAGL$dDLC$dIUL$dOCLCQ$dUBY$dIOQ$dOCLCQ$dAGL$dOCLCQ$dOCLCF$dOCLCO$dOCLCA
=042  \\$apcc$apremarc
=043  \\$an-us---
=049  \\$aAGLL
=050  00$aS21$b.A792
=050  10$aHD1421$b.U522
=070  0\$a1$bAg84Wcm
=072  \0$aF100
=072  \0$aE700
=130  0\$aCrops and markets (Washington, D.C. : 1927)
=245  10$aCrops and markets.
=260  \\$aWashington, D.C. :$bU.S. Dept. of Agriculture,$c1927-1957.
=300  \\$a31 volumes :$billustrations ;$c29 cm
=310  \\$aAnnual,$b1948-1957
=321  \\$aMonthly,$bJan. 1927-July 1942
=321  \\$aQuarterly,$bOct. 1942-<Jan. 1947>
=336  \\$atext$btxt$2rdacontent
=337  \\$aunmediated$bn$2rdamedia
=338  \\$avolume$bnc$2rdacarrier
=362  0\$aVol. 4, no. 1 (Jan. 1927)-v. 34 (1957).
=550  \\$aIssued Jan. 1927-Apr. 1946 by the Dept. of Agriculture; May 1946-1953 by the Bureau of Agricultural Economics; 1954- by the Agricultural Marketing Service.
=580  \\$aSupersedes another publication of the same title and its supplement, issued by the Department of Agriculture, and continues the volume numbering of the supplement.
=580  \\$aDesigned to supplement "Agricultural statistics."
=591  \\$bNAL Reclamation
=593  \\$fAgricola CAT
=650  \0$aAgriculture$zUnited States$vStatistics$vPeriodicals.
=650  \0$aFarm produce$xMarketing$vStatistics$vPeriodicals.
=651  \7$aUnited States.$2fast$0(OCoLC)fst01204155
=655  \3$aInternet resource.
=655  \7$aPeriodicals.$2fast$0(OCoLC)fst01411641
=655  \7$aStatistics.$2fast$0(OCoLC)fst01423727
=710  1\$aUnited States.$bDepartment of Agriculture.
=710  1\$aUnited States.$bBureau of Agricultural Economics.$0http://id.loc.gov/authorities/names/n80060900
=710  1\$aUnited States.$bAgricultural Marketing Service.$0http://id.loc.gov/authorities/names/n79108924
=772  1\$tAgricultural statistics
=776  08$iOnline version:$tCrops and markets (Washington, D.C. : 1927)$w(OCoLC)551707147
=780  14$tCrops and markets (Weekly)$w(DLC)agr24000113$w(OCoLC)1550915
=780  14$tCrops and markets. Monthly supplement$w(DLC)sf 98085663$w(OCoLC)5121175
=850  \\$aDLC$aDNAL$aN
=856  41$uhttp://archive.org/details/usda-cropsandmarkets
=912  \\$analcatalog
=930  \\$a20131022$b20131101$c00000000
=939  \\$a20121212$b20130104$c00000000
=939  \\$a19970303$b19970307$c00000000
=945  \\$dJH$e97/02/04$fCM$g97/02/06
=945  \\$p46
=945  \\$aDigiMet
=945  \\$p22
=945  \\$aDigiMet
=945  \\$p30
=945  \\$aDigiMet
=945  \\$p46
=945  \\$aDigiMet
=945  \\$p38
=945  \\$aDigiMet
=945  \\$p60
=945  \\$aDigiMet
=945  \\$p46
=945  \\$aDigiMet
=945  \\$p54
=945  \\$aDigiMet
=945  \\$p46
=945  \\$aDigiMet
=945  \\$p38
=945  \\$aDigiMet
=945  \\$p34
=945  \\$aDigiMet
=945  \\$p26
=945  \\$aDigiMet
=945  \\$p124
=945  \\$aDigiMet
=945  \\$p79
=945  \\$aDigiMet
=945  \\$p46
=945  \\$aDigiMet
=945  \\$p52
=945  \\$aDigiMet
=945  \\$p30
=945  \\$aDigiMet
=945  \\$p52
=945  \\$aDigiMet
=945  \\$p46
=945  \\$aDigiMet
=945  \\$p54
=945  \\$aDigiMet
=945  \\$p34
=945  \\$aDigiMet
=945  \\$p26
=945  \\$aDigiMet
=945  \\$p34
=945  \\$aDigiMet
=945  \\$p46
=945  \\$aDigiMet
=945  \\$p54
=945  \\$aDigiMet
=945  \\$p26
=945  \\$aDigiMet
=945  \\$p30
=945  \\$aDigiMet
=945  \\$p46
=945  \\$aDigiMet
=945  \\$p24
=945  \\$aDigiMet
=945  \\$p54
=945  \\$aDigiMet
=945  \\$p141
=945  \\$aDigiMet
=945  \\$p48
=945  \\$aDigiMet
=945  \\$p32
=945  \\$aDigiMet
=945  \\$p46
=945  \\$aDigiMet
=945  \\$p68
=945  \\$aDigiMet
=945  \\$p38
=945  \\$aDigiMet
=945  \\$p38
=945  \\$aDigiMet
=945  \\$p22
=945  \\$aDigiMet
=945  \\$p38
=945  \\$aDigiMet
=945  \\$p46
=945  \\$aDigiMet
=945  \\$p54
=945  \\$aDigiMet
=945  \\$p32
=945  \\$aDigiMet
=945  \\$p26
=945  \\$aDigiMet
=945  \\$p34
=945  \\$aDigiMet
=945  \\$p38
=945  \\$aDigiMet
=945  \\$p30
=945  \\$aDigiMet
=945  \\$p30
=945  \\$aDigiMet
=945  \\$p54
=945  \\$aDigiMet
=945  \\$p48
=945  \\$aDigiMet
=945  \\$p34
=945  \\$aDigiMet
=945  \\$p76
=945  \\$aDigiMet
=945  \\$p136
=945  \\$aDigiMet
=945  \\$p48
=945  \\$aDigiMet
=945  \\$p46
=945  \\$aDigiMet
=945  \\$p34
=945  \\$aDigiMet
=945  \\$p34
=945  \\$aDigiMet
=945  \\$p30
=945  \\$aDigiMet
=945  \\$p26
=945  \\$aDigiMet
=945  \\$p34
=945  \\$aDigiMet
=945  \\$p44
=945  \\$aDigiMet
=945  \\$p62
=945  \\$aDigiMet
=945  \\$p44
=945  \\$aDigiMet
=945  \\$p38
=945  \\$aDigiMet
=945  \\$p38
=945  \\$aDigiMet
=945  \\$p30
=945  \\$aDigiMet
=945  \\$p26
=945  \\$aDigiMet
=945  \\$p142
=945  \\$aDigiMet
=945  \\$p38
=945  \\$aDigiMet
=945  \\$p26
=945  \\$aDigiMet
=945  \\$p38
=945  \\$aDigiMet
=945  \\$p46
=945  \\$aDigiMet
=945  \\$p46
=945  \\$aDigiMet
=945  \\$p136
=945  \\$aDigiMet
=945  \\$p46
=945  \\$aDigiMet
=945  \\$p44
=945  \\$aDigiMet
=945  \\$p30
=945  \\$aDigiMet
=945  \\$p28
=945  \\$aDigiMet
=945  \\$p80
=945  \\$aDigiMet
=945  \\$p46
=945  \\$aDigiMet
=945  \\$p24
=945  \\$aDigiMet
=945  \\$p52
=945  \\$aDigiMet
=945  \\$p62
=945  \\$aDigiMet
=945  \\$p46
=945  \\$aDigiMet
=945  \\$p42
=945  \\$aDigiMet
=945  \\$p26
=945  \\$aDigiMet
=945  \\$p26
=945  \\$aDigiMet
=945  \\$p34
=945  \\$aDigiMet
=945  \\$p78
=945  \\$aDigiMet
=945  \\$p52
=945  \\$aDigiMet
=945  \\$p65
=945  \\$aDigiMet
=945  \\$p54
=945  \\$aDigiMet
=945  \\$p78
=945  \\$aDigiMet
=945  \\$p81
=945  \\$aDigiMet
=945  \\$p34
=945  \\$aDigiMet
=945  \\$p78
=945  \\$aDigiMet
=945  \\$p46
=945  \\$aDigiMet
=945  \\$p28
=945  \\$aDigiMet
=945  \\$p26
=945  \\$aDigiMet
=945  \\$p46
=945  \\$aDigiMet
=945  \\$p40
=945  \\$aDigiMet
=945  \\$p28
=945  \\$aDigiMet
=945  \\$p54
=945  \\$aDigiMet
=945  \\$p46
=945  \\$aDigiMet
=945  \\$p54
=945  \\$aDigiMet
=945  \\$p46
=945  \\$aDigiMet
=945  \\$p34
=945  \\$aDigiMet
=945  \\$p30
=945  \\$aDigiMet
=945  \\$p34
=945  \\$aDigiMet
=945  \\$p72
=945  \\$aDigiMet
=945  \\$p44
=945  \\$aDigiMet
=945  \\$p86
=945  \\$aDigiMet
=945  \\$p30
=945  \\$aDigiMet
=945  \\$p63
=945  \\$aDigiMet
=945  \\$p34
=945  \\$aDigiMet
=945  \\$p40
=945  \\$aDigiMet
=945  \\$p52
=945  \\$aDigiMet
=945  \\$p52
=945  \\$aDigiMet
=945  \\$p46
=945  \\$aDigiMet
=945  \\$p46
=945  \\$aDigiMet
=945  \\$p70
=945  \\$aDigiMet
=945  \\$p46
=945  \\$aDigiMet
=945  \\$p46
=945  \\$aDigiMet
=945  \\$p30
=945  \\$aDigiMet
=945  \\$p54
=945  \\$aDigiMet
=945  \\$p38
=945  \\$aDigiMet
=945  \\$p52
=945  \\$aDigiMet
=945  \\$p46
=945  \\$aDigiMet
=945  \\$p89
=945  \\$aDigiMet
=945  \\$p46
=945  \\$aDigiMet
=945  \\$p54
=945  \\$aDigiMet
=945  \\$p28
=945  \\$aDigiMet
=945  \\$p66
=945  \\$aDigiMet
=945  \\$p26
=945  \\$aDigiMet
=945  \\$p44
=945  \\$aDigiMet
=945  \\$p40
=945  \\$aDigiMet
=945  \\$p134
=945  \\$aDigiMet
=945  \\$p38
=945  \\$aDigiMet
=945  \\$p68
=945  \\$aDigiMet
=945  \\$p70
=945  \\$aDigiMet
=945  \\$p136
=945  \\$aDigiMet
=945  \\$p28
=945  \\$aDigiMet
=945  \\$p26
=945  \\$aDigiMet
=945  \\$p34
=945  \\$aDigiMet
=945  \\$p148
=945  \\$aDigiMet
=945  \\$p42
=945  \\$aDigiMet
=945  \\$p46
=945  \\$aDigiMet
=945  \\$p24
=945  \\$aDigiMet
=945  \\$p69
=945  \\$aDigiMet
=945  \\$p44
=945  \\$aDigiMet
=945  \\$p38
=945  \\$aDigiMet
=945  \\$p46
=945  \\$aDigiMet
=945  \\$p88
=945  \\$aDigiMet
=945  \\$p32
=945  \\$aDigiMet
=945  \\$p26
=945  \\$aDigiMet
=945  \\$p54
=945  \\$aDigiMet
=945  \\$p54
=945  \\$aDigiMet
=945  \\$p46
=945  \\$aDigiMet
=945  \\$p30
=945  \\$aDigiMet
=945  \\$p42
=945  \\$aDigiMet
=945  \\$p38
=945  \\$aDigiMet
=945  \\$p36
=945  \\$aDigiMet
=945  \\$p38
=945  \\$aDigiMet
=945  \\$p46
=945  \\$aDigiMet
=945  \\$p52
=945  \\$aDigiMet
=945  \\$p50
=945  \\$aDigiMet
=945  \\$p46
=945  \\$aDigiMet
=945  \\$p38
=945  \\$aDigiMet
=945  \\$p44
=945  \\$aDigiMet
=945  \\$p42
=945  \\$aDigiMet
=945  \\$p48
=945  \\$aDigiMet
=945  \\$p52
=945  \\$aDigiMet
=945  \\$p52
=945  \\$aDigiMet
=945  \\$p46
=945  \\$aDigiMet
=945  \\$p86
=945  \\$aDigiMet
=945  \\$p54
=945  \\$aDigiMet
=945  \\$p54
=945  \\$aDigiMet
=945  \\$p54
=945  \\$aDigiMet
=945  \\$p32
=945  \\$aDigiMet
=945  \\$p24
=945  \\$aDigiMet
=945  \\$p140
=945  \\$aDigiMet
=945  \\$p52
=945  \\$aDigiMet
=945  \\$p46
=945  \\$aDigiMet
=945  \\$p46
=945  \\$aDigiMet
=945  \\$p30
=945  \\$aDigiMet
=945  \\$p26
=945  \\$aDigiMet
=945  \\$p54
=945  \\$aDigiMet
=945  \\$p46
=945  \\$aDigiMet
=945  \\$p152
=945  \\$aDigiMet
=945  \\$p46
=945  \\$aDigiMet
=945  \\$p46
=945  \\$aDigiMet
=945  \\$p54
=945  \\$aDigiMet
=945  \\$p46
=945  \\$aDigiMet
=945  \\$p46
=945  \\$aDigiMet
=945  \\$p46
=945  \\$aDigiMet
=945  \\$p72
=945  \\$aDigiMet
=945  \\$p66
=945  \\$aDigiMet
=945  \\$p80
=945  \\$aDigiMet
=945  \\$p42
=945  \\$aDigiMet
=945  \\$p46
=945  \\$aDigiMet
=945  \\$p54
=945  \\$aDigiMet
=945  \\$p46
=945  \\$aDigiMet
=945  \\$p44
=945  \\$aDigiMet
=945  \\$p54
=945  \\$aDigiMet
=945  \\$p46
=945  \\$aDigiMet
=945  \\$p42
=945  \\$aDigiMet
=945  \\$p46
=945  \\$aDigiMet
=945  \\$p54
=945  \\$aDigiMet
=945  \\$p36
=945  \\$aDigiMet
=945  \\$p46
=945  \\$aDigiMet
=945  \\$p34
=945  \\$aDigiMet
=945  \\$p30
=945  \\$aDigiMet
=945  \\$p46
=945  \\$aDigiMet
=945  \\$p38
=945  \\$aDigiMet
=945  \\$p54
=945  \\$aDigiMet
=946  \\$aUSDA
=959  \\$c2013-10-22$essouder$gurl
=959  \\$c2013-04-02$essouder$gap
=959  \\$c2012-12-12$ergallett$gupgrade
=994  \\$a92$bAGL

