=LDR  01980cam a2200541Ia 4500
=001  9915505157707426
=005  20240620210448.0
=008  890419s1977\\\\dcuae\\\\\\\\f000\0\eng\d
=016  7\$aCAT10309214$2DNAL
=035  \\$a352380
=035  \\$a(OCoLC)03485024
=035  \\$a(DNAL)352380-naldb-Voyager
=040  \\$aGPO$beng$cGPO$dAGL$dOCLCQ$dOCLCF$dOCLCO$dOCLCA$dOCL
=043  \\$an-us---
=049  \\$aAGLX
=050  \0$aS21$b.A46 no.1358
=070  0\$a1$bAg84M no.1358
=072  \0$aN100
=072  \0$aL200
=074  \\$a13-A
=086  0\$aA 1.38:1358
=245  00$aBroiler breeder house :$bdouble "A."
=260  \\$aWashington, D.C. :$bU.S. Dept. of Agriculture, Agricultural Research Service,$c1977.
=300  \\$a1 sheet (2 pages) :$billustrations, plans ;$c28 cm.
=336  \\$atext$btxt$2rdacontent
=337  \\$aunmediated$bn$2rdamedia
=338  \\$asheet$bnb$2rdacarrier
=490  1\$aMiscellaneous publication / United States Department of Agriculture ;$vno. 1358
=591  \\$bNAL Reclamation
=593  \\$fAgricola CAT
=650  \0$aFarm buildings$zUnited States$vDesigns and plans.
=650  \0$aPoultry$xHousing$xDesign and construction.
=651  \7$aUnited States.$2fast$0(OCoLC)fst01204155
=655  \3$aInternet resource.
=655  \7$aArchitectural drawings.$2fast$0(OCoLC)fst01986246
=710  1\$aUnited States.$bAgricultural Research Service.
=776  08$iOnline version:$tBroiler breeder house.$dWashington, D.C. : U.S. Dept. of Agriculture, Agricultural Research Service, 1977$w(OCoLC)622489376
=830  \0$aMiscellaneous publication (United States. Department of Agriculture) ;$vno. 1358.
=841  \\$ax   $b8709220u    0   4   uu   1870922$ez
=852  \\$aDNAL$i1 Ag84M no.1358
=856  40$uhttps://archive.org/details/broilerbreederho1358unit
=912  \\$analcatalog
=930  \\$a20140305$b20140404$c00000000
=945  \\$aXIU
=945  \\$p6
=945  \\$aDigiMet
=946  \\$aUSDA
=994  \\$a92$bAGL

