=LDR  02219cam a2200613Ia 4500
=001  9915505208707426
=005  20240620210512.0
=008  970213s1997\\\\utuab\\\\b\\\f000\0\eng\\
=016  7\$aCAT10822095$2DNAL
=035  \\$a791416
=035  \\$a(OCoLC)36367914
=035  \\$a(DNAL)791416-naldb-Voyager
=040  \\$aAGL$beng$cAGL$dOCLCQ$dLVB$dOCLCO$dOCLCF$dOCLCQ$dCOD$dOCLCA$dAGM$dOCLCA$dOCLCO$dAGL
=043  \\$an-us-ut
=049  \\$aAGLL
=050  \0$aSD143$b.U4648 no.89
=070  0\$aA99.9$bF764Ub no.89
=072  \0$aK510
=072  \0$aP120
=072  \0$aK130
=086  0\$aA 13.80:INT-RB-89
=100  1\$aMcLain, William H.$0http://id.loc.gov/authorities/names/n85232629
=245  10$aUtah's 1992 fuelwood harvest /$cWilliam H. McLain.
=260  \\$aOgden, UT :$bU.S. Dept. of Agriculture, Forest Service, Intermountain Research Station,$c[1997]
=300  \\$a10 pages :$billustrations, maps ;$c28 cm.
=336  \\$atext$btxt$2rdacontent
=337  \\$aunmediated$bn$2rdamedia
=338  \\$avolume$bnc$2rdacarrier
=490  1\$aResource bulletin INT ;$vRB-89
=504  \\$aIncludes bibliographical references (page 9).
=591  \\$bNAL Reclamation
=593  \\$fAgricola CAT
=650  \0$aFuelwood$zUtah.
=650  \0$aFuelwood crops$zUtah.
=650  \0$aFuelwood industry$zUtah.
=650  \3$afuelwood.
=650  \3$aforest statistics.
=650  \3$aharvesting.
=651  \3$aUtah.
=651  \7$aUtah.$2fast$0(OCoLC)fst01204563
=655  \3$aInternet resource.
=710  1\$aUnited States.$bDepartment of Agriculture.
=710  2\$aIntermountain Research Station (Ogden, Utah)$0http://id.loc.gov/authorities/names/n85066590
=776  08$iOnline version:$aMcLain, William H.$tUtah's 1992 fuelwood harvest.$dOgden, UT : U.S. Dept. of Agriculture, Forest Service, Intermountain Research Station, [1997]$w(OCoLC)624313862
=830  \0$aResource bulletin INT ;$v89.
=856  41$uhttps://archive.org/details/utahs1992fuelwoo89mcla
=912  \\$analcatalog
=930  \\$a20140603$b20140704$c00000000
=939  \\$a19970303$b19970307$c00000000
=945  \\$ddf$e97/02/11$fhw$g97/02/13$n1
=945  \\$p20
=945  \\$aDigiMet
=946  \\$aUSDA
=994  \\$a92$bAGL

