=LDR  03346cas a2201201 a 4500
=001  9915505219007426
=005  20240624183815.0
=008  970206d19171919dcumx\p\\s\\\f0\\\\0eng\c
=010  \\$aagr17001165 $zsn 86033868 
=012  \\$i8608
=016  7\$aCAT10821622$2DNAL
=019  \\$a1027022183
=035  \\$a791044
=035  \\$a(OCoLC)04281296$z(OCoLC)1027022183
=035  \\$a(DNAL)791044-naldb-Voyager
=035  \\$z(OCoLC)1027022183
=040  \\$aMUL$beng$cMUL$dNYG$dAGL$dOCL$dDLC$dOCLCQ$dAGL$dOCLCF$dOCLCQ
=042  \\$apcc$apremarc
=049  \\$aAGLL
=050  00$aSB114.U5$bA3
=070  0\$a1$bM348
=072  \0$aF100
=245  00$aSeed reporter /$cUnited States Department of Agriculture, Bureau of Markets.
=260  \\$aWashington, D.C. :$bBureau of Markets,$c1917-1919.
=300  \\$a3 volumes :$bcharts, tables ;$c29 cm
=310  \\$a"Issued the first week in each month and at such other times as may seem desirable"
=336  \\$atext$btxt$2rdacontent
=337  \\$aunmediated$bn$2rdamedia
=338  \\$avolume$bnc$2rdacarrier
=362  0\$aVol. 1, no. 1 (Nov. 1917)-v. 3, no. 4 (Oct. 11, 1919).
=580  \\$aCombined with Food surveys and other market reports of the Bureau of Markets under title: The Market reporter.
=591  \\$bNAL Reclamation
=593  \\$fAgricola CAT
=650  \0$aSeeds$vPeriodicals.
=650  \0$aSeeds$vStatistics$vPeriodicals.
=655  \3$aInternet resource.
=655  \7$aPeriodicals.$2fast$0(OCoLC)fst01411641
=655  \7$aStatistics.$2fast$0(OCoLC)fst01423727
=710  1\$aUnited States.$bBureau of Markets.$0http://id.loc.gov/authorities/names/n85166555
=776  08$iOnline version:$tSeed reporter$w(OCoLC)690466758
=785  17$tFood surveys$w(DLC)agr18000442$w(OCoLC)5134350
=785  17$tMarket reporter (Washington, D.C.)$w(DLC)agr20000012$w(OCoLC)1756702
=850  \\$aDLC$aDNAL$aN
=856  41$uhttp://archive.org/details/usda-cropsandmarkets
=912  \\$analcatalog
=930  \\$a20131022$b20131101$c00000000
=939  \\$a20121213$b20130104$c00000000
=939  \\$a19970303$b19970307$c00000000
=945  \\$dJH$e97/02/04$fCM$g97/02/06
=945  \\$p16
=945  \\$aDigiMet
=945  \\$p16
=945  \\$aDigiMet
=945  \\$p16
=945  \\$aDigiMet
=945  \\$p16
=945  \\$aDigiMet
=945  \\$p12
=945  \\$aDigiMet
=945  \\$p16
=945  \\$aDigiMet
=945  \\$p16
=945  \\$aDigiMet
=945  \\$p16
=945  \\$aDigiMet
=945  \\$p12
=945  \\$aDigiMet
=945  \\$p16
=945  \\$aDigiMet
=945  \\$p24
=945  \\$aDigiMet
=945  \\$p16
=945  \\$aDigiMet
=945  \\$p16
=945  \\$aDigiMet
=945  \\$p16
=945  \\$aDigiMet
=945  \\$p16
=945  \\$aDigiMet
=945  \\$p16
=945  \\$aDigiMet
=945  \\$p16
=945  \\$aDigiMet
=945  \\$p16
=945  \\$aDigiMet
=945  \\$p14
=945  \\$aDigiMet
=945  \\$p16
=945  \\$aDigiMet
=945  \\$p16
=945  \\$aDigiMet
=945  \\$p12
=945  \\$aDigiMet
=945  \\$p16
=945  \\$aDigiMet
=945  \\$p16
=945  \\$aDigiMet
=945  \\$p16
=945  \\$aDigiMet
=946  \\$aUSDA
=959  \\$c2013-10-22$essouder$gurl
=959  \\$c2012-12-13$ergallett$gupgrade
=994  \\$a92$bAGL

