=LDR  02246cam a2200589Ia 4500
=001  9915505239807426
=005  20240624183813.0
=008  890419s1949\\\\dcua\\\\\\\\\f000\0\eng\c
=010  \\$aagr49000577 
=016  7\$aCAT10309240$2DNAL
=035  \\$a352889
=035  \\$a(OCoLC)12208852
=035  \\$a(DNAL)352889-naldb-Voyager
=040  \\$aU.S. Dept. of Agr. Libr.$beng$cSMI$dAGL$dIUL$dOCLCQ$dOCLCG$dOCLCQ$dOCLCF$dOCLCO$dCOF$dOCL$dOCLCA$dOCL$dINT$dOCLCQ
=049  \\$aAGLY
=050  00$aQL465$b.J6 1949
=051  \\$aS21$b.A46 no. 318a
=070  0\$a1$bAg84M no.318 1949
=072  \0$aL821
=086  0\$aA 1.38:318/949
=086  0\$aA 1.38:318/1949
=086  0\$aA 1.38:318/5
=100  1\$aJones, M. P.$q(Merlin Perry),$d1895-$0http://id.loc.gov/authorities/names/no99001177
=245  10$a4-H Club insect manual /$c[by M.P. Jones].
=246  3\$aInsect manual
=250  \\$aSlightly rev. Mar. 1949.
=260  \\$aWashington, D.C. :$bU.S. Dept. of Agriculture,$c1949.
=300  \\$a64 pages :$billustrations ;$c24 cm
=336  \\$atext$btxt$2rdacontent
=337  \\$aunmediated$bn$2rdamedia
=338  \\$avolume$bnc$2rdacarrier
=490  1\$aMiscellaneous publication / United States Department of Agriculture ;$vno. 318
=591  \\$bNAL Reclamation
=593  \\$fAgricola CAT
=650  \0$aInsects$xCollection and preservation.$0http://id.loc.gov/authorities/subjects/sh85066673
=650  \0$aInsects$vIdentification.
=655  \3$aInternet resource.
=655  \7$aField guides.$2fast$0(OCoLC)fst01940354
=776  08$iOnline version:$aJones, M.P. (Merlin Perry), 1895-$t4-H Club insect manual.$bSlightly rev. Mar. 1949.$dWashington, D.C. : U.S. Dept. of Agriculture, 1949$w(OCoLC)953977968
=830  \0$aMiscellaneous publication (United States. Department of Agriculture) ;$vno. 318.
=841  \\$ax   $b8709220u    0   4   uu   1870922$ez
=852  \\$aDNAL$i1 Ag84M no.318 1949
=856  41$uhttps://archive.org/details/4hclubinsectmanu318jone
=912  \\$analcatalog
=930  \\$a20140305$b20140404$c00000000
=939  \\$a20130417$b20130503$c00000000
=945  \\$aUIU
=945  \\$p72
=945  \\$aDigiMet
=946  \\$aUSDA
=959  \\$c2013-04-17$essouder$gde
=994  \\$a92$bAGL

