=LDR  02195cam a2200529Ia 4500
=001  9915505271207426
=005  20240620210600.0
=008  890419s1983\\\\dcuabd\\\b\\\f000\0\eng\d
=016  7\$aCAT10310600$2DNAL
=019  \\$a70383011
=035  \\$a352442
=035  \\$a(OCoLC)12714916$z(OCoLC)70383011
=035  \\$a(DNAL)352442-naldb-Voyager
=035  \\$z(OCoLC)70383011
=040  \\$aCPO$beng$cCPO$dAGL$dOCLCQ$dOCLCG$dOCLCQ$dOCLCO$dOCLCF$dCOF$dOCLCA
=049  \\$aAGLY
=070  0\$a1$bAg84M no.1431
=072  \0$aF130
=086  0\$aA 1.38:1431
=245  00$aSPUR--simulation of production and utilization of rangelands :$ba rangeland model for management and research.
=246  3\$aSimulation of production and utilization of rangelands
=260  \\$aWashington, D.C. :$bU.S. Dept. of Agriculture, Agricultural Research Service,$c1983.
=300  \\$aiv, 120 pages :$billustrations, charts, map ;$c26 cm.
=336  \\$atext$btxt$2rdacontent
=337  \\$aunmediated$bn$2rdamedia
=338  \\$avolume$bnc$2rdacarrier
=490  1\$aMiscellaneous publication / United States Department of Agriculture ;$vno. 1431
=504  \\$aIncludes bibliographical references.
=591  \\$bNAL Reclamation
=593  \\$fAgricola CAT
=650  \0$aRangelands$xMathematical models.
=650  \0$aRange management.$0http://id.loc.gov/authorities/subjects/sh85111362
=655  \3$aInternet resource.
=700  1\$aWight, J. R.$q(Jerald Ross),$d1931-$0http://id.loc.gov/authorities/names/n87801494
=710  1\$aUnited States.$bAgricultural Research Service.
=776  08$iOnline version:$tSPUR--simulation of production and utilization of rangelands.$dWashington, D.C. : U.S. Dept. of Agriculture, Agricultural Research Service, 1983$w(OCoLC)777992982
=830  \0$aMiscellaneous publication (United States. Department of Agriculture) ;$vno. 1431.
=841  \\$ax   $b8709220u    0   4   uu   1870922$ez
=852  \\$aDNAL$i1 Ag84M no.1431
=856  41$uhttps://archive.org/details/spursimulationof1431wigh
=912  \\$analcatalog
=930  \\$a20140305$b20140404$c00000000
=945  \\$aUIU
=945  \\$p132
=945  \\$aDigiMet
=946  \\$aUSDA
=994  \\$a92$bAGL

