=LDR  01931cam a2200529Ia 4500
=001  9915505290007426
=005  20240620210607.0
=008  890419s1978\\\\dcuae\\\\\\\\f000\0\eng\d
=016  7\$aCAT10310452$2DNAL
=035  \\$a352304
=035  \\$a(OCoLC)04545325
=035  \\$a(DNAL)352304-naldb-Voyager
=040  \\$aGPO$beng$cGPO$dAGL$dOCLCQ$dOCLCF$dOCLCO$dOCLCA$dSFR$dOCLCA$dOCL
=043  \\$an-us---
=049  \\$aAGLX
=050  \0$aS21$b.A46 no.1368
=070  0\$a1$bAg84M no.1368
=072  \0$aU100
=074  \\$a13-A
=086  0\$aA 1.38:1368
=245  00$aTwo-bedroom farmhouse.
=260  \\$aWashington :$bDept. of Agriculture, Agricultural Research Service,$c1978.
=300  \\$a1 sheet (2 pages) :$billustrations, plans ;$c28 cm.
=336  \\$atext$btxt$2rdacontent
=337  \\$aunmediated$bn$2rdamedia
=338  \\$asheet$bnb$2rdacarrier
=490  1\$aMiscellaneous publication / United States Department of Agriculture ;$vno. 1368
=591  \\$bNAL Reclamation
=593  \\$fAgricola CAT
=650  \0$aArchitecture, Domestic$zUnited States$vDesigns and plans.
=650  \0$aFarmhouses$vDesigns and plans.
=651  \7$aUnited States.$2fast$0(OCoLC)fst01204155
=655  \3$aInternet resource.
=655  \7$aArchitectural drawings.$2fast$0(OCoLC)fst01986246
=710  1\$aUnited States.$bAgricultural Research Service.
=776  08$iOnline version:$tTwo-bedroom farmhouse.$dWashington : Dept. of Agriculture, Agricultural Research Service, 1978$w(OCoLC)777339616
=830  \0$aMiscellaneous publication (United States. Department of Agriculture) ;$vno. 1368.
=841  \\$ax   $b8709220u    0   4   uu   1870922$ez
=852  \\$aDNAL$i1 Ag84M no.1368
=856  40$uhttps://archive.org/details/twobedroomfarmho1368unit
=912  \\$analcatalog
=930  \\$a20140305$b20140404$c00000000
=945  \\$aXIU
=945  \\$p8
=945  \\$aDigiMet
=946  \\$aUSDA
=994  \\$a92$bAGL

