=LDR  02674cam a2200589Ia 4500
=001  9915505300807426
=005  20240624183803.0
=008  890419s1980\\\\dcu\\\\\\\\\\f100\0\eng\d
=016  7\$aCAT10212404$2DNAL
=019  \\$a1225669596
=035  \\$a352455
=035  \\$a(OCoLC)06695374$z(OCoLC)1225669596
=035  \\$a(DNAL)352455-naldb-Voyager
=035  \\$z(OCoLC)1225669596
=040  \\$aGPO$beng$cGPO$dAGL$dOCL$dOCLCQ$dLVB$dOCLCQ$dOCLCF$dOCLCO$dOCL$dOCLCA$dSFR$dCUT$dOCLCO
=043  \\$an-us---
=049  \\$aAGLX
=050  \0$aS21$b.A46 no.1386
=070  0\$a1$bAg84M no.1386
=072  \0$aF130
=074  \\$a13-A
=086  0\$aA 1.38:1386
=245  00$aAlternatives for strengthening range research :$bproceedings of a meeting held in San Diego, California, February 9, 1980, preceding the annual meeting of the Society for Range Management /$cprepared by the Science and Education Administration.
=260  \\$aWashington, D.C. :$bU.S. Dept. of Agriculture, Science and Education Administration,$c1980.
=300  \\$aiv, 43 pages ;$c26 cm.
=336  \\$atext$btxt$2rdacontent
=337  \\$aunmediated$bn$2rdamedia
=338  \\$avolume$bnc$2rdacarrier
=490  1\$aMiscellaneous publication / United States Department of Agriculture ;$vno. 1386
=591  \\$bNAL Reclamation
=593  \\$fAgricola CAT
=650  \0$aRangelands$xResearch$zUnited States$vCongresses.
=651  \7$aUnited States.$2fast$0(OCoLC)fst01204155
=655  \3$aInternet resource.
=655  \7$aConference papers and proceedings.$2fast$0(OCoLC)fst01423772
=710  1\$aUnited States.$bScience and Education Administration.$0http://id.loc.gov/authorities/names/n79132176
=710  1\$aUnited States.$bDepartment of Agriculture.$bDepartmental Committee on Range.$0http://id.loc.gov/authorities/names/n80118634
=710  1\$aUnited States.$bDepartment of the Interior.$0http://id.loc.gov/authorities/names/n80126051
=710  2\$aSociety for Range Management.$0http://id.loc.gov/authorities/names/n50063594
=776  08$iOnline version:$tAlternatives for strengthening range research.$dWashington, D.C. : U.S. Dept. of Agriculture, Science and Education Administration, 1980$w(OCoLC)622599305
=830  \0$aMiscellaneous publication (United States. Department of Agriculture) ;$vno. 1386.
=841  \\$ax$b8709220u    0   4   uu   1870922$ez
=852  \\$aDNAL$i1 Ag84M no.1386
=856  40$uhttps://archive.org/details/alternativesfors1386unit
=912  \\$analcatalog
=930  \\$a20140305$b20140404$c00000000
=945  \\$aXIU
=945  \\$p56
=945  \\$aDigiMet
=946  \\$aUSDA
=959  \\$c2013-04-02$essouder$gap
=994  \\$a92$bAGL

