=LDR  01904cam a2200505Ia 4500
=001  9915505349307426
=005  20240620210559.0
=008  890419s1980\\\\dcua\\\\\\\\\f000\0\eng\d
=016  7\$aCAT10309410$2DNAL
=035  \\$a352568
=035  \\$a(OCoLC)07069751
=035  \\$a(DNAL)352568-naldb-Voyager
=040  \\$aGPO$beng$cGPO$dAGL$dOCLCQ$dOCLCF$dOCLCO$dOCLCA
=043  \\$an-us---
=049  \\$aAGLX
=050  \0$aS21$b.A46 no. 1392
=070  0\$a1$bAg84M no.1392
=072  \0$aC210
=074  \\$a13-A
=086  0\$aA 1.38:1392
=245  00$aHighlights of the 50th National 4-H Conference.
=260  \\$aWashington, D.C. :$bU.S. Dept. of Agriculture, Science and Education Administration,$c1980.
=300  \\$a11 pages :$bchiefly illustrations ;$c28 cm.
=336  \\$atext$btxt$2rdacontent
=337  \\$aunmediated$bn$2rdamedia
=338  \\$avolume$bnc$2rdacarrier
=490  1\$aMiscellaneous publication / United States Department of Agriculture ;$vno. 1392
=591  \\$bNAL Reclamation
=593  \\$fAgricola CAT
=650  \0$a4-H clubs$zUnited States.
=651  \7$aUnited States.$2fast$0(OCoLC)fst01204155
=655  \3$aInternet resource.
=710  1\$aUnited States.$bScience and Education Administration.$0http://id.loc.gov/authorities/names/n79132176
=776  08$iOnline version:$tHighlights of the 50th National 4-H Conference.$dWashington, D.C. : U.S. Dept. of Agriculture, Science and Education Administration, 1980$w(OCoLC)623502124
=830  \0$aMiscellaneous publication (United States. Department of Agriculture) ;$vno. 1392.
=841  \\$ax   $b8709220u    0   4   uu   1870922$ez
=852  \\$aDNAL$i1 Ag84M no.1392
=856  41$uhttps://archive.org/details/highlightsof50th1392unit
=912  \\$analcatalog
=930  \\$a20140305$b20140404$c00000000
=945  \\$aXIU
=945  \\$p16
=945  \\$aDigiMet
=946  \\$aUSDA
=994  \\$a92$bAGL

