=LDR  01800cam a2200517Ia 4500
=001  9915505375107426
=005  20240620210551.0
=008  890419s1971\\\\dcuae\\\\\\\\f000\0\eng\d
=016  7\$aCAT10309939$2DNAL
=019  \\$a213772592
=035  \\$a352426
=035  \\$a(OCoLC)16003281$z(OCoLC)213772592
=035  \\$a(DNAL)352426-naldb-Voyager
=035  \\$z(OCoLC)213772592
=040  \\$aRQF$beng$cRQF$dAGL$dIUL$dOCLCQ$dOCLCF$dOCLCO$dOCLCA$dGILDS$dOCL$dGPO
=049  \\$aAGLY
=050  \0$aS21$b.A46 no.1196
=070  0\$a1$bAg84M no.1196
=072  \0$aN100
=074  \\$a0013-A
=086  0\$aA 1.38:1196
=245  00$aUtility sheds /$c[Agricultural Engineering Research Division, Agricultural Research Service].
=260  \\$aWashington, D.C. :$bU.S. Dept. of Agriculture,$c1971.
=300  \\$a1 sheet (2 pages) :$billustrations, plans ;$c28 cm.
=336  \\$atext$btxt$2rdacontent
=337  \\$aunmediated$bn$2rdamedia
=338  \\$asheet$bnb$2rdacarrier
=490  1\$aMiscellaneous publication / United States Department of Agriculture ;$vno. 1196
=591  \\$bNAL Reclamation
=593  \\$fAgricola CAT
=650  \0$aFarm buildings$vDesigns and plans.
=655  \3$aInternet resource.
=655  \4$aDesigns and plans.
=655  \7$aArchitectural drawings.$2fast$0(OCoLC)fst01986246
=710  1\$aUnited States.$bAgricultural Research Service.
=830  \0$aMiscellaneous publication (United States. Department of Agriculture) ;$vno. 1196.
=841  \\$ax   $b8709220u    0   4   uu   1870922$ez
=852  \\$aDNAL$i1 Ag84M no.1196
=856  41$uhttps://archive.org/details/utilitysheds1196unit
=912  \\$analcatalog
=930  \\$a20140305$b20140404$c00000000
=945  \\$aUIU
=945  \\$p8
=945  \\$aDigiMet
=946  \\$aUSDA
=994  \\$a92$bAGL

