=LDR  01909cam a2200493Ia 4500
=001  9915505411007426
=005  20240620212219.0
=008  890419s1981\\\\dcuae\\\\\\\\f000\0\eng\d
=016  7\$aCAT10309152$2DNAL
=035  \\$a352701
=035  \\$a(OCoLC)16108045
=035  \\$a(DNAL)352701-naldb-Voyager
=040  \\$aRQF$beng$cRQF$dAGL$dOCLCQ$dOCLCF$dOCLCO$dCOF$dOCLCA$dOCL
=049  \\$aAGLX
=070  0\$a1$bAg84M no.1413
=072  \0$aN100
=072  \0$aL500
=086  0\$aA 1.38:1413
=245  00$aBeef feeding pens :$bcounter-sloped, partly covered /$cprepared by Extension Service.
=260  \\$aWashington, D.C. :$bU.S. Dept. of Agriculture,$c1981.
=300  \\$a1 sheet (2 pages) :$billustrations, 1 plan ;$c28 cm.
=336  \\$atext$btxt$2rdacontent
=337  \\$aunmediated$bn$2rdamedia
=338  \\$asheet$bnb$2rdacarrier
=490  1\$aMiscellaneous publication / United States Department of Agriculture ;$vno. 1413
=591  \\$bNAL Reclamation
=593  \\$fAgricola CAT
=650  \0$aCattle pens$vDesigns and plans.
=650  \0$aCattle$xFeeding and feeds$xEquipment and supplies.$0http://id.loc.gov/authorities/subjects/sh85021326
=655  \3$aInternet resource.
=655  \7$aArchitectural drawings.$2fast$0(OCoLC)fst01986246
=710  1\$aUnited States.$bExtension Service.$0http://id.loc.gov/authorities/names/n80120734
=776  08$iOnline version:$tBeef feeding pens.$dWashington, D.C. : U.S. Dept. of Agriculture, 1981$w(OCoLC)760069058
=830  \0$aMiscellaneous publication (United States. Department of Agriculture) ;$vno. 1413.
=841  \\$ax   $b8709220u    0   4   uu   1870922$ez
=852  \\$aDNAL$i1 Ag84M no.1413
=856  41$uhttps://archive.org/details/beeffeedingpensc1413unit
=912  \\$analcatalog
=930  \\$a20140305$b20140404$c00000000
=945  \\$aXIU
=945  \\$p6
=945  \\$aDigiMet
=946  \\$aUSDA
=994  \\$a92$bAGL

