=LDR  01555cam a2200457 a 4500
=001  9915505422607426
=005  20240624183835.0
=008  890419s1966\\\\dcua\\\\\\\\\f00010\eng\c
=010  \\$aagr67000033  //r85
=016  7\$aCAT10309148$2DNAL
=035  \\$a(OCoLC)ocm00051926 890419
=035  \\$90309-14860
=035  \\$a352886
=035  \\$a(DNAL)352886-naldb-Voyager
=040  \\$aU.S. Nat'l Agr. Libr.$cDLC$dAGL
=043  \\$an-usu--$an-usl--
=049  \\$aAGLY
=070  0\$a1$bAg84M no.984 1966
=072  \0$aJ800
=072  \0$aB200
=100  10$aBritt, Clarence S.$q(Clarence Sterling),$d1914-
=245  10$aSoil and water conservation research in the Northeastern States /$c[prepared by Clarence S. Britt].
=250  \\$aRev. Nov. 1966.
=260  0\$aWashington, D.C. :$bAgricultural Research Service, U.S. Dept. of Agriculture,$c1966.
=300  \\$a24 p. :$bill. ;$c26 cm.
=490  0\$aMiscellaneous publication / United States Department of Agriculture ;$vno. 984
=593  \\$fAgricola CAT
=650  \0$aSoil conservation$zNortheastern States.
=650  \0$aWater conservation$zNortheastern States.
=655  \3$aInternet resource
=841  \\$ax   $b8709220u    0   4   uu   1870922$ez
=852  \\$aDNAL$i1 Ag84M no.984 1966
=856  41$uhttps://archive.org/details/soilwaterconserv984brit
=912  \\$analcatalog
=930  \\$a20140305$b20140404$c00000000
=939  \\$a20130417$b20130503$c00000000
=945  \\$aUIU
=945  \\$p32
=945  \\$aDigiMet
=946  \\$aUSDA
=959  \\$c2013-04-17$essouder$gde

