=LDR  02718cam a2200541Ia 4500
=001  9915505423107426
=005  20240620212207.0
=008  890419s1975\\\\dcuk\\\\\\\\\f000\0\eng\\
=016  7\$aCAT10310681$2DNAL
=019  \\$a806034076
=035  \\$a352093
=035  \\$a(OCoLC)01360223$z(OCoLC)806034076
=035  \\$a(DNAL)352093-naldb-Voyager
=035  \\$z(OCoLC)806034076
=040  \\$aAGL$beng$cAGL$dAGL$dVIC$dOCLCQ$dOCLCG$dOCLCO$dOCLCA$dOCLCF$dOCLCQ$dLHL$dOCLCA$dNOC$dOCLCA$dGPO
=043  \\$an-us---
=049  \\$aAGLX
=050  \0$aS21$b.A46 no. 1303
=070  0\$a1$bAg84M no.1303
=072  \0$aT100
=074  \\$a0013-A
=086  0\$aA 1.38:1303
=100  1\$aPeterkin, Betty B.,$d1921-2013.$0http://id.loc.gov/authorities/names/n82005849
=245  10$aNutrimeter :$bstudent's guide /$c[by Betty Peterkin].
=260  \\$aWashington, D.C. :$bAgricultural Research Service, U.S. Dept. of Agriculture,$c1975.
=300  \\$a5 pages :$b1 form ;$c25 cm.
=336  \\$atext$btxt$2rdacontent
=337  \\$aunmediated$bn$2rdamedia
=338  \\$avolume$bnc$2rdacarrier
=490  1\$aMiscellaneous publication / United States Department of Agriculture ;$vno. 1303
=505  0\$aYou choose -- Nutrition labeling -- Activity 1. Learn the language of nutrition labeling and the nutrimeter. pp. 1. -- Activity 2. Look for nutrition information on labels -- Activity 3. Look for nutrition information about foods that don't have nutrition information on labels -- Activity 4. List the foods you ate and the amount of each -- Activity 5. Check food choices for balance. pp. 2. -- Form for use in activitie 2 through 8. pp. 3. -- Activity 6. Check food choices using the nutrimeter. pp. 4. -- Activity 7. Modify food choices to provide recommended amounts of nutrients -- Activity 8. Look for food combinations that meet nutrient allowances. pp. 5.
=591  \\$bNAL Reclamation
=593  \\$fAgricola CAT
=650  \0$aNutrition$xStudy and teaching.$0http://id.loc.gov/authorities/subjects/sh85093466
=655  \3$aInternet resource.
=710  1\$aUnited States.$bAgricultural Research Service.
=776  08$iOnline version:$aPeterkin, Betty B., 1921-$tNutrimeter.$dWashington, D.C. : Agricultural Research Service, U.S. Dept. of Agriculture, 1975$w(OCoLC)777327040
=830  \0$aMiscellaneous publication (United States. Department of Agriculture) ;$vno. 1303.
=841  \\$ax   $b8709220u    0   4   uu   1870922$ez
=852  \\$aDNAL$i1 Ag84M no.1303
=856  41$uhttps://archive.org/details/nutrimeterstuden1303pete
=912  \\$analcatalog
=930  \\$a20140305$b20140404$c00000000
=945  \\$aXIU
=945  \\$p12
=945  \\$aDigiMet
=946  \\$aUSDA
=994  \\$a92$bAGL

