=LDR  01627cam a2200445 a 4500
=001  9915506450807426
=005  20240624184927.0
=008  800401s1966\\\\dcu\\\\\\\\\\f000\0\eng\d
=016  7\$aCAT10231477$2DNAL
=035  \\$a202173
=035  \\$a(OCoLC)855859544
=035  \\$a(DNAL)202173-naldb-Voyager
=040  \\$aMUU$beng$cMUU$dOCLCF$dOCLCQ$dOCLCA$dOCLCQ$dAGL
=049  \\$aAGLL
=070  \\$aA280.39$bR31A no. 8
=072  \0$a3500
=086  0\$aA 77.15:ARS-51-8
=100  1\$aWhite, Gailen D.
=245  10$aEvaluation of four inert dusts for the protection of stored wheat in Kansas from insect attack /$cby G.D. White [and others].
=260  \\$a[Washington, D.C.] :$bUnited States Department of Agriculture, Agricultural Research Service,$c1966.
=300  \\$a21 pages ;$c26 cm
=336  \\$atext$btxt$2rdacontent
=337  \\$aunmediated$bn$2rdamedia
=338  \\$avolume$bnc$2rdacarrier
=490  1\$aARS ;$v51-8
=591  \\$bNAL Reclamation
=593  \\$fAgricola CAT
=650  \0$aWheat$xStorage$xDiseases and injuries.$0http://id.loc.gov/authorities/subjects/sh85146374
=650  \0$aFood storage pests$xControl.$0http://id.loc.gov/authorities/subjects/sh85050337
=655  \3$aInternet resource.
=710  1\$aUnited States.$bAgricultural Research Service.
=830  \0$aARS (Series) (United States. Agricultural Research Service) ;$v51-8.
=856  41$uhttps://archive.org/details/evaluationoffour08whit
=912  \\$analcatalog
=930  \\$a20140306$b20140404$c00000000
=945  \\$aDigiMet
=945  \\$p28
=946  \\$aUSDA
=959  \\$c2014-03-06$earojas$gap
=994  \\$a92$bAGL

