=LDR  01743cam a2200505 i 4500
=001  9915506475207426
=005  20240624184954.0
=008  800401s1967\\\\dcu\\\\\\b\\\f000\0\eng\d
=016  7\$aCAT10244142$2DNAL
=035  \\$a202662
=035  \\$a(OCoLC)1225932120
=035  \\$a(DNAL)202662-naldb-Voyager
=040  \\$aKUK$beng$erda$cKUK$dOCLCO$dOCLCF$dAGL
=049  \\$aAGLL
=070  0\$aA381$bR31 no. 60
=072  \0$a4000
=086  0\$aA 77.15:72-60
=100  1\$aMazzeno, L. W.,$eauthor.
=245  10$aHigh protein rice flours.
=264  \1$a[Washington] :$bAgricultural Research Service, United States Department of Agriculture,$c[1967]
=300  \\$a7 pages ;$c26 cm
=336  \\$atext$btxt$2rdacontent
=337  \\$acomputer$bc$2rdamedia
=338  \\$aonline resource$bcr$2rdacarrier
=490  1\$aAgricultural Research Service. ARS 72-60
=504  \\$aIncludes bibliographical references (pages 6-7).
=591  \\$bNAL Reclamation
=593  \\$fAgricola CAT
=650  \0$aRice flour.$0http://id.loc.gov/authorities/subjects/sh90006188
=650  \0$aProteins.$0http://id.loc.gov/authorities/subjects/sh85107666
=655  \3$aInternet resource.
=710  1\$aUnited States.$bAgricultural Research Service.$0http://id.loc.gov/authorities/names/n79108942
=830  \0$aARS 72 ;$v60.
=856  41$uhttps://archive.org/details/highproteinricef7260mazz
=912  \\$analcatalog
=930  \\$a20140115$b20140207$c00000000
=939  \\$a20130315$b20130404$c00000000
=945  \\$aDigiMet
=945  \\$p14
=946  \\$aUSDA
=959  \\$c2014-01-15$essouder$gurl
=959  \\$c2013-03-15$ejgilbert$gsubjadd
=959  \\$c2013-03-15$ejgilbert$gde
=959  \\$c2013-03-15$ejgilbert$gaccadd
=994  \\$a92$bAGL

