=LDR  02165cam a2200493Ia 4500
=001  9915506496307426
=005  20240620165329.0
=008  800401s1966\\\\utua\\\\\\\\\f000\0\eng\d
=016  7\$aCAT10231673$2DNAL
=035  \\$a202558
=035  \\$a(OCoLC)32214688
=035  \\$a(DNAL)202558-naldb-Voyager
=040  \\$aSDB$beng$cSDB$dOCL$dNUI$dOCLCQ$dOCLCF$dOCLCQ$dSEA$dAGM$dAGL
=049  \\$aAGLL
=070  \\$aA99.9$bF764Un no. 45
=072  \0$a8000
=086  0\$aA 13.79:INT-45
=100  1\$aBethlahmy, Nedavia,$d1918-
=245  10$aControlling soil movement from steep road fills /$cNedavia Bethlahmy and W. Joe Kidd, Jr.
=260  \\$aOgden, Utah :$bU.S. Dept. of Agriculture, Forest Service, Intermountain Forest & Range Experiment Station,$c1966.
=300  \\$a4 pages :$billustrations ;$c27 cm.
=336  \\$atext$btxt$2rdacontent
=337  \\$aunmediated$bn$2rdamedia
=338  \\$avolume$bnc$2rdacarrier
=490  1\$aU.S. Forest Service research note INT ;$v45
=591  \\$bNAL Reclamation
=593  \\$fAgricola CAT
=650  \0$aRoads$xEmbankments.$0http://id.loc.gov/authorities/subjects/sh85114494
=650  \0$aSoil conservation.$0http://id.loc.gov/authorities/subjects/sh85124329
=650  \0$aSoil erosion.$0http://id.loc.gov/authorities/subjects/sh85124341
=650  \0$aSoil stabilization.$0http://id.loc.gov/authorities/subjects/sh85124387
=650  \3$aErosion control.
=655  \3$aInternet resource.
=700  1\$aKidd, W. Joe.$0http://id.loc.gov/authorities/names/no2008064673
=710  2\$aIntermountain Forest and Range Experiment Station (Ogden, Utah)$0http://id.loc.gov/authorities/names/n79062786
=776  08$iOnline version:$aBethlahmy, Nedavia, 1918-$tControlling soil movement from steep road fills.$dOgden, Utah : U.S. Dept. of Agriculture, Forest Service, Intermountain Forest & Range Experiment Station, 1966$w(OCoLC)630364348
=830  \0$aU.S. Forest Service research note INT ;$v45.
=856  41$uhttps://archive.org/details/controllingsoilm45beth
=912  \\$analcatalog
=930  \\$a20140604$b00000000$c00000000
=945  \\$aDigiMet
=945  \\$p8
=946  \\$aUSDA
=994  \\$a92$bAGL

