=LDR  02228cam a2200577Ia 4500
=001  9915506548407426
=005  20240620165422.0
=008  800401s1966\\\\utua\\\\\b\\\f000\0\eng\d
=016  7\$aCAT10231802$2DNAL
=035  \\$a202812
=035  \\$a(OCoLC)32214677
=035  \\$a(DNAL)202812-naldb-Voyager
=040  \\$aSDB$beng$cSDB$dNUI$dOCLCQ$dOCLCF$dOCLCQ$dAGM$dOCLCA$dAGL
=043  \\$an-us-id
=049  \\$aAGLL
=050  \0$aSB945.P62$bC65 1966
=070  \\$aA99.9$bF764Un no. 46
=072  \0$a3500
=086  0\$aA 13.79:INT-46
=100  1\$aCole, Walter E.
=245  10$aEffect of pine butterfly defoliation on ponderosa pine in southern Idaho /$cWalter E. Cole.
=260  \\$aOgden, Utah :$bU.S. Dept. of Agriculture, Forest Service, Intermountain Forest & Range Experiment Station,$c1966.
=300  \\$a7 pages :$billustrations ;$c27 cm.
=336  \\$atext$btxt$2rdacontent
=337  \\$aunmediated$bn$2rdamedia
=338  \\$avolume$bnc$2rdacarrier
=490  1\$aU.S. Forest Service research note INT ;$v46
=504  \\$aIncludes bibliographical references (page 7).
=591  \\$bNAL Reclamation
=593  \\$fAgricola CAT
=650  \0$aPine butterfly.$0http://id.loc.gov/authorities/subjects/sh85102207
=650  \0$aPonderosa pine$xDiseases and pests$zIdaho.
=650  \3$aNeophasia menapia.
=650  \3$adefoliation.
=650  \3$aPinus ponderosa.
=650  \3$aparasites.
=650  \3$asampling.
=650  \3$amortality.
=651  \3$aIdaho.
=651  \7$aIdaho.$2fast$0(OCoLC)fst01211709
=655  \3$aInternet resource.
=710  2\$aIntermountain Forest and Range Experiment Station (Ogden, Utah)$0http://id.loc.gov/authorities/names/n79062786
=776  08$iOnline version:$aCole, Walter E.$tEffect of pine butterfly defoliation on ponderosa pine in southern Idaho.$dOgden, Utah : U.S. Dept. of Agriculture, Forest Service, Intermountain Forest & Range Experiment Station, 1966$w(OCoLC)630364975
=830  \0$aU.S. Forest Service research note INT ;$v46.
=856  41$uhttps://archive.org/details/effectofpinebutt46cole
=912  \\$analcatalog
=930  \\$a20140604$b00000000$c00000000
=945  \\$aDigiMet
=945  \\$p12
=946  \\$aUSDA
=994  \\$a92$bAGL

