=LDR  01850cam a2200493 a 4500
=001  9915506591407426
=005  20240624184951.0
=008  800401s1966\\\\oru\\\\\\b\\\f000\0\eng\d
=016  7\$aCAT10231835$2DNAL
=019  \\$a1039830578$a1231882335
=035  \\$a202877
=035  \\$a(OCoLC)58991932$z(OCoLC)1039830578$z(OCoLC)1231882335
=035  \\$a(DNAL)202877-naldb-Voyager
=035  \\$z(OCoLC)1039830578$z(OCoLC)1231882335
=040  \\$aORE$beng$cORE$dOCL$dMTG$dOCLCF$dOCLCO$dOCLCQ$dAGM$dWURST$dOCLCQ$dAGL
=049  \\$aAGLL
=050  \0$aSD143$b.U51 no.41
=070  \\$aA99.9$bF7625U no. 41
=072  \0$a4500
=086  0\$aA 13.79:PNW-41
=100  1\$aCurtis, Robert O.$0http://id.loc.gov/authorities/names/n83128789
=245  12$aA formula for the Douglas-fir total cubic-foot volume table from bulletin 201 /$cby Robert O. Curtis.
=260  \\$aPortland, Or. :$bPacific Northwest Forest and Range Experiment Station, U.S. Dept. of Agriculture,$c[1966]
=300  \\$a8 pages ;$c28 cm
=336  \\$atext$btxt$2rdacontent
=337  \\$aunmediated$bn$2rdamedia
=338  \\$avolume$bnc$2rdacarrier
=490  1\$aU.S. Forest Service research note PNW ;$v41
=504  \\$aIncludes bibliographical references.
=591  \\$bNAL Reclamation
=593  \\$fAgricola CAT
=650  \0$aDouglas fir$xMeasurement.
=650  \3$aPseudotsuga menziesii.
=655  \3$aInternet resource.
=710  2\$aPacific Northwest Forest and Range Experiment Station (Portland, Or.)$0http://id.loc.gov/authorities/names/n80126131
=830  \0$aU.S. Forest Service research note PNW ;$v41.
=856  41$uhttps://archive.org/details/formulafordougla41curt
=912  \\$analcatalog
=930  \\$a20140506$b00000000$c00000000
=945  \\$aDigiMet
=945  \\$p12
=946  \\$aUSDA
=959  \\$c2014-05-06$earojas$gap
=994  \\$a92$bAGL

