=LDR  01466cam a2200457M  4500
=001  9915506601107426
=005  20240624184946.0
=008  800401s1964\\\\xx\\\\\\\\\\\f000\0\eng\d
=016  7\$aCAT10231492$2DNAL
=035  \\$a202203
=035  \\$a(OCoLC)631084180
=035  \\$a(DNAL)202203-naldb-Voyager
=040  \\$aU3G$beng$cU3G$dOCLCO$dOCLCQ
=049  \\$aAGLL
=070  0\$aA56.9$bR31 no. 94
=072  \0$a8000
=110  1\$aUnited States.$bAgricultural Research Service.$bSoil and Water Conservation Research Division.$0http://id.loc.gov/authorities/names/n83008026
=245  10$aBibliography on Soil Temperature (Through 1963).
=260  \\$c1964.
=300  \\$a82 pages.
=336  \\$atext$btxt$2rdacontent
=337  \\$aunmediated$bn$2rdamedia
=338  \\$avolume$bnc$2rdacarrier
=490  1\$aUSDA Ars.$v41-094
=530  \\$aAlso available on the Internet.
=591  \\$bNAL Reclamation
=700  1\$aWillis, W. O.
=740  0\$aSoil Temperature Bibliography (Through 1963)
=830  \0$aUSDA Ars. ;$v41-094.
=856  41$uhttps://archive.org/details/bibliographyonso94will
=912  \\$analcatalog
=930  \\$a20201021$b00000000$c00000000
=939  \\$a20131022$b20131101$c00000000
=939  \\$a20130501$b20130503$c00000000
=945  \\$aDigiMet
=945  \\$p88
=946  \\$aUSDA
=959  \\$c2013-10-22$essouder$gurl
=959  \\$c2013-04-30$edfriedma$gaccadd
=959  \\$c2020-10-21$ecbarone$gother
=994  \\$a92$bAGL

