=LDR  02093cam a2200505Ia 4500
=001  9915506633707426
=005  20240620171253.0
=008  800401s1966\\\\utua\\\\\b\\\f000\0\eng\d
=016  7\$aCAT10231881$2DNAL
=035  \\$a202965
=035  \\$a(OCoLC)32189909
=035  \\$a(DNAL)202965-naldb-Voyager
=040  \\$aSDB$beng$cSDB$dNUI$dOCLCQ$dOCLCF$dOCLCQ$dAGM$dAGL
=049  \\$aAGLL
=070  \\$aA99.9$bF764Un no. 43
=072  \0$a3000
=086  0\$aA 13.79:INT-43
=100  1\$aDoty, Robert D.
=245  10$aSnow loads on roofs in areas of heavy snowfall /$cRobert D. Doty and Glenn H. Deitschman.
=260  \\$aOgden, Utah :$bU.S. Dept. of Agriculture, Forest Service, Intermountain Forest & Range Experiment Station,$c1966.
=300  \\$a4 pages :$billustrations ;$c27 cm.
=336  \\$atext$btxt$2rdacontent
=337  \\$aunmediated$bn$2rdamedia
=338  \\$avolume$bnc$2rdacarrier
=490  1\$aU.S. Forest Service research note INT ;$v43
=504  \\$aIncludes bibliographical references.
=591  \\$bNAL Reclamation
=593  \\$fAgricola CAT
=650  \0$aSnow$xMeasurement.$0http://id.loc.gov/authorities/subjects/sh85123773
=650  \0$aSnow loads.$0http://id.loc.gov/authorities/subjects/sh85123787
=650  \0$aRoofs$xSnow and ice control.$0http://id.loc.gov/authorities/subjects/sh85115337
=650  \3$asnow.
=650  \3$aconstruction technology.
=655  \3$aInternet resource.
=700  1\$aDeitschman, Glenn H.
=710  2\$aIntermountain Forest and Range Experiment Station (Ogden, Utah)$0http://id.loc.gov/authorities/names/n79062786
=776  08$iOnline version:$aDoty, Robert D.$tSnow loads on roofs in areas of heavy snowfall.$dOgden, Utah : U.S. Dept. of Agriculture, Forest Service, Intermountain Forest & Range Experiment Station, 1966$w(OCoLC)630425029
=830  \0$aU.S. Forest Service research note INT ;$v43.
=856  41$uhttps://archive.org/details/snowloadsonroofs43doty
=912  \\$analcatalog
=930  \\$a20140604$b00000000$c00000000
=945  \\$aDigiMet
=945  \\$p8
=946  \\$aUSDA
=994  \\$a92$bAGL

