=LDR  01823cam a2200505 a 4500
=001  9915508034907426
=005  20240624190137.0
=008  800401s1968\\\\orua\\\\\b\\\f000\0\eng\d
=016  7\$aCAT10248542$2DNAL
=035  \\$a184646
=035  \\$a(OCoLC)60686186
=035  \\$a(DNAL)184646-naldb-Voyager
=040  \\$aORE$beng$cORE$dORE$dMIN$dOCLCF$dOCLCO$dOCLCQ$dAGM$dWURST$dOCLCQ$dAGL
=049  \\$aAGLL
=050  \0$aSD143$b.U51 no.86
=070  \\$aA99.9$bF7625U no. 86
=072  \0$a4500
=086  0\$aA 13.79:PNW-86
=100  1\$aReukema, Donald L.$0http://id.loc.gov/authorities/names/n86847594
=245  10$aGrowth response of 35-year-old, site V Douglas-fir to nitrogen fertilizer /$cby Donald L. Reukema.
=260  \\$a[Portland, Or.] :$bPacific Northwest Forest and Range Experiment Station, U.S. Forest Service,$c[1968]
=300  \\$a9 pages :$billustrations ;$c28 cm
=336  \\$atext$btxt$2rdacontent
=337  \\$aunmediated$bn$2rdamedia
=338  \\$avolume$bnc$2rdacarrier
=490  1\$aU.S. Forest Service research note PNW ;$v86
=504  \\$aIncludes bibliographical references.
=591  \\$bNAL Reclamation
=593  \\$fAgricola CAT
=650  \0$aDouglas fir$xFertilizers.
=650  \0$aDouglas fir$xGrowth.
=650  \3$aPseudotsuga menziesii.
=650  \3$afertilizers.
=650  \3$anitrogen.
=655  \3$aInternet resource.
=710  2\$aPacific Northwest Forest and Range Experiment Station (Portland, Or.)$0http://id.loc.gov/authorities/names/n80126131
=830  \0$aU.S. Forest Service research note PNW ;$v86.
=856  41$uhttps://archive.org/details/growthresponseof86reuk
=912  \\$analcatalog
=930  \\$a20140506$b00000000$c00000000
=945  \\$aDigiMet
=945  \\$p14
=946  \\$aUSDA
=959  \\$c2014-05-06$earojas$gap
=994  \\$a92$bAGL

