=LDR  02352cam a2200613Ia 4500
=001  9915508035907426
=005  20240624190159.0
=008  800401s1967\\\\utu\\\\\\b\\\f000\0\eng\d
=016  7\$aCAT10236174$2DNAL
=019  \\$a70656427
=035  \\$a184736
=035  \\$a(OCoLC)32180238$z(OCoLC)70656427
=035  \\$a(DNAL)184736-naldb-Voyager
=035  \\$z(OCoLC)70656427
=040  \\$aSDB$beng$cSDB$dNUI$dAGLGW$dOCLCQ$dOCLCF$dOCLCQ$dOCLCO$dAGM$dOCLCA$dAGL
=043  \\$an-us-mt$an-us-id
=049  \\$aAGLL
=070  \\$aA99.9$bF764Un no. 57
=072  \0$a4500
=086  0\$aA 13.79:INT-57
=100  1\$aLotan, James E.$c(Forester)
=245  10$aEarly performance of Pinus contorta x banksiana hybrids /$cJames E. Lotan.
=260  \\$aOgden, Utah :$bU.S. Dept. of Agriculture, Forest Service, Intermountain Forest & Range Experiment Station,$c1967.
=300  \\$a8 pages ;$c27 cm.
=336  \\$atext$btxt$2rdacontent
=337  \\$aunmediated$bn$2rdamedia
=338  \\$avolume$bnc$2rdacarrier
=490  1\$aU.S. Forest Service research note INT ;$v57
=504  \\$aIncludes bibliographical references (page 8).
=591  \\$bNAL Reclamation
=593  \\$fAgricola CAT
=650  \0$aPine$xBreeding.
=650  \0$aHybridization.$0http://id.loc.gov/authorities/subjects/sh85063276
=650  \0$aLodgepole pine$zMontana.
=650  \0$aLodgepole pine$zIdaho.
=650  \0$aJack pine$zMontana.
=650  \0$aJack pine$zIdaho.
=650  \3$ahybrids.
=650  \3$aPinus contorta.
=650  \3$aPinus banksiana.
=651  \7$aIdaho.$2fast$0(OCoLC)fst01211709
=651  \7$aMontana.$2fast$0(OCoLC)fst01207555
=655  \3$aInternet resource.
=710  2\$aIntermountain Forest and Range Experiment Station (Ogden, Utah)$0http://id.loc.gov/authorities/names/n79062786
=776  08$iOnline version:$aLotan, James E.$tEarly performance of Pinus contorta x banksiana hybrids.$dOgden, Utah : U.S. Dept. of Agriculture, Forest Service, Intermountain Forest & Range Experiment Station, 1967$w(OCoLC)630421261
=830  \0$aU.S. Forest Service research note INT ;$v57.
=856  41$uhttps://archive.org/details/earlyperformance57lota
=912  \\$analcatalog
=930  \\$a20140604$b00000000$c00000000
=945  \\$aDigiMet
=945  \\$p12
=946  \\$aUSDA
=959  \\$c2014-06-04$earojas$gap
=994  \\$a92$bAGL

