=LDR  01969cam a2200541Ia 4500
=001  9915508058107426
=005  20240624190200.0
=008  800401s1968\\\\paua\\\\\\\\\f000\0\eng\d
=016  7\$aCAT10248429$2DNAL
=035  \\$a184426
=035  \\$a(OCoLC)70472426
=035  \\$a(DNAL)184426-naldb-Voyager
=040  \\$aAGLGW$beng$cAGLGW$dJFI$dMTG$dOCLCQ$dOCLCA$dPHA$dOCLCF$dOCLCQ$dSEA$dCOD$dOCLCA$dAGM$dOCLCA$dAGL
=043  \\$an-us---
=049  \\$aAGLL
=050  \0$aSD11$b.A4550 NE-90
=070  \\$aA99.9$bF7622U no. 90
=072  \0$a4500
=086  0\$aA 13.79:NE-90
=100  1\$aPlass, William T.$0http://id.loc.gov/authorities/names/n82208761
=245  10$aTree survival and growth on fescue-covered spoil banks /$c[William T. Plass].
=260  \\$aUpper Darby, Pa. :$bNortheastern Forest Experiment Station, Forest Service, U.S. Dept. of Agriculture,$c1968.
=300  \\$a4 pages :$billustrations ;$c25 cm.
=336  \\$atext$btxt$2rdacontent
=337  \\$aunmediated$bn$2rdamedia
=338  \\$avolume$bnc$2rdacarrier
=490  1\$aU.S. Forest Service research note ;$vNE-90
=530  \\$aAlso available online.
=591  \\$bNAL Reclamation
=593  \\$fAgricola CAT
=650  \0$aForests and forestry$xResearch$zUnited States.
=650  \0$aFescue.$0http://id.loc.gov/authorities/subjects/sh85047923
=650  \0$aSpoil banks.$0http://id.loc.gov/authorities/subjects/sh85126841
=650  \3$atrees.
=650  \3$aFestuca.
=651  \7$aUnited States.$2fast$0(OCoLC)fst01204155
=655  \3$aInternet resource.
=710  2\$aNortheastern Forest Experiment Station (Radnor, Pa.)
=830  \0$aU.S. Forest Service research note NE ;$v90.
=856  41$uhttps://archive.org/details/treesurvivalgrow90plas
=912  \\$analcatalog
=930  \\$a20140116$b00000000$c00000000
=945  \\$aDigiMet
=945  \\$p8
=946  \\$aUSDA
=959  \\$c2014-01-15$essouder$gurl
=959  \\$c2014-01-16$earojas$gap
=994  \\$a92$bAGL

