=LDR  03007cam a2200625Ia 4500
=001  9915508086207426
=005  20240624190155.0
=008  800401s1967\\\\utua\\\\\b\\\f000\0\eng\d
=016  7\$aCAT10235958$2DNAL
=035  \\$a184318
=035  \\$a(OCoLC)32180205
=035  \\$a(DNAL)184318-naldb-Voyager
=040  \\$aSDB$beng$cSDB$dNUI$dOCLCQ$dOCLCF$dOCLCQ$dAGM$dOCLCA$dAGL
=043  \\$an-us-mt
=049  \\$aAGLL
=070  \\$aA99.9$bF764Un no. 62
=072  \0$a3500
=086  0\$aA 13.79:INT-62
=100  1\$aJohnson, Philip C.$q(Philip Cornwell),$d1907-1990.$0http://id.loc.gov/authorities/names/n2004078814
=245  10$aDistribution of bark beetle attacks on ponderosa pine trees in Montana /$cPhilip C. Johnson.
=260  \\$aOgden, Utah :$bU.S. Dept. of Agriculture, Forest Service, Intermountain Forest & Range Experiment Station,$c1967.
=300  \\$a7 pages :$billustrations ;$c27 cm.
=336  \\$atext$btxt$2rdacontent
=337  \\$aunmediated$bn$2rdamedia
=338  \\$avolume$bnc$2rdacarrier
=490  1\$aU.S. Forest Service research note INT ;$v62
=504  \\$aIncludes bibliographical references.
=520  \\$a"The boles of 71 mature ponderosa pine trees killed by Dendroctonus brevicomis LeConte (Coleoptera: Scolytidae) were analyzed to determine the distribution of the attacks by endemic populations of this bark beetle and those of several phloem -feeding associates. The longitudinal -circumferential distribution of the attacks fitted dia- grammatically into four distinguishable bole infestation patterns. The characteristics of the patterns and similarities with comparable ‍?attacks of D. brevicomis in northeastern California are discussed."
=591  \\$bNAL Reclamation
=593  \\$fAgricola CAT
=650  \0$aBark beetles.$0http://id.loc.gov/authorities/subjects/sh85011866
=650  \0$aPonderosa pine$xDiseases and pests$zMontana.
=650  \3$aDendroctonus brevicomis.
=650  \3$aPinus ponderosa.
=650  \3$ageographical distribution.
=650  \3$aIps pini.
=650  \3$apopulation distribution.
=650  \3$aphloem.
=650  \3$ahosts.
=650  \3$amortality.
=651  \3$aMontana.
=651  \3$aCalifornia.
=651  \7$aMontana.$2fast$0(OCoLC)fst01207555
=655  \3$aInternet resource.
=710  2\$aIntermountain Forest and Range Experiment Station (Ogden, Utah)$0http://id.loc.gov/authorities/names/n79062786
=776  08$iOnline version:$aJohnson, Philip C. (Philip Cornwell), 1907-$tDistribution of bark beetle attacks on ponderosa pine trees in Montana.$dOgden, Utah : U.S. Dept. of Agriculture, Forest Service, Intermountain Forest & Range Experiment Station, 1967$w(OCoLC)630570675
=830  \0$aU.S. Forest Service research note INT ;$v62.
=856  41$uhttps://archive.org/details/distributionofba62john
=912  \\$analcatalog
=930  \\$a20140604$b00000000$c00000000
=945  \\$aDigiMet
=945  \\$p12
=946  \\$aUSDA
=959  \\$c2014-06-04$earojas$gap
=994  \\$a92$bAGL

