=LDR  02479cam a2200613 a 4500
=001  9915508174407426
=005  20240624190208.0
=008  800401s1967\\\\orua\\\\\b\\\f000\0\eng\d
=016  7\$aCAT10236309$2DNAL
=019  \\$a1039825404$a1231872607
=035  \\$a184999
=035  \\$a(OCoLC)58993069$z(OCoLC)1039825404$z(OCoLC)1231872607
=035  \\$a(DNAL)184999-naldb-Voyager
=035  \\$z(OCoLC)1039825404$z(OCoLC)1231872607
=040  \\$aORE$beng$cORE$dOCL$dMTG$dOCLCO$dOCLCQ$dOCLCF$dAGM$dWURST$dOCLCQ$dAGL
=049  \\$aAGLL
=050  \0$aSD143$b.U51 no.46
=070  \\$aA99.9$bF7625U no. 46
=072  \0$a4500
=086  0\$aA 13.79:PNW-46
=100  1\$aMitchell, R. G.$0http://id.loc.gov/authorities/names/n84131538
=245  10$aTranslocation of dye in grand and subalpine firs infested by the balsam woolly aphid /$cby Russel G. Mitchell.
=260  \\$aPortland, Or. :$bPacific Northwest Forest and Range Experiment Station, U.S. Dept. of Agriculture,$c[1967]
=300  \\$a17 pages :$billustrations ;$c28 cm
=336  \\$atext$btxt$2rdacontent
=337  \\$aunmediated$bn$2rdamedia
=338  \\$avolume$bnc$2rdacarrier
=490  1\$aU.S. Forest Service research note PNW ;$v46
=504  \\$aIncludes bibliographical references (page 17).
=591  \\$bNAL Reclamation
=593  \\$fAgricola CAT
=650  \0$aBalsam woolly adelgid.$0http://id.loc.gov/authorities/subjects/sh00003442
=650  \0$aAbies grandis$xDiseases and pests.
=650  \0$aAbies lasiocarpa$xDiseases and pests.
=650  \0$aAbies grandis$xWounds and injuries.
=650  \0$aAbies lasiocarpa$xWounds and injuries.
=650  \0$aPlants, Motion of fluids in.$0http://id.loc.gov/authorities/subjects/sh85103021
=650  \0$aXylem.$0http://id.loc.gov/authorities/subjects/sh85148852
=650  \0$aDyes and dyeing.$0http://id.loc.gov/authorities/subjects/sh85040281
=650  \3$aAbies grandis.
=650  \3$aAbies lasiocarpa.
=650  \3$aAdelges piceae.
=650  \3$adyes.
=655  \3$aInternet resource.
=710  2\$aPacific Northwest Forest and Range Experiment Station (Portland, Or.)$0http://id.loc.gov/authorities/names/n80126131
=830  \0$aU.S. Forest Service research note PNW ;$v46.
=856  41$uhttps://archive.org/details/translocationofd46mitc
=912  \\$analcatalog
=930  \\$a20140506$b00000000$c00000000
=945  \\$aDigiMet
=945  \\$p22
=946  \\$aUSDA
=959  \\$c2014-05-06$earojas$gap
=994  \\$a92$bAGL

