=LDR  02089cam a2200529Ia 4500
=001  9915508205007426
=005  20240624190155.0
=008  800401s1967\\\\mdu\\\\\\b\\\f001\0\eng\d
=016  7\$aCAT10236018$2DNAL
=035  \\$a184435
=035  \\$a(OCoLC)68133586
=035  \\$a(DNAL)184435-naldb-Voyager
=040  \\$aIWA$beng$cIWA$dOCLCG$dOCLCF$dOCLCO$dOCLCQ$dCOD$dOCL$dAGL
=049  \\$aAGLL
=050  \0$aSB931$bA11 K555x 1967
=070  0\$aA420$bR31 no. 115
=072  \0$a3500
=086  0\$aA 77.15:33-115
=100  1\$aKingsolver, John Mark.
=245  12$aA selected bibliography of insect-vascular plant associational studies /$cby John M. Kingsolver and Milton W. Sanderson.
=260  \\$a[Beltsville, Md.] :$bU.S. Dept. of Agriculture, Agricultural Research Service,$c1967.
=300  \\$a33 pages ;$c26 cm.
=336  \\$atext$btxt$2rdacontent
=337  \\$aunmediated$bn$2rdamedia
=338  \\$avolume$bnc$2rdacarrier
=490  1\$aARS ;$v33-115
=591  \\$bNAL Reclamation
=593  \\$fAgricola CAT
=650  \0$aInsects$xHost plants$vBibliography.
=650  \0$aInsects as carriers of plant disease$vBibliography.
=655  \3$aInternet resource.
=655  \7$aBibliographies.$2fast$0(OCoLC)fst01919895
=700  1\$aSanderson, Milton W.$q(Milton William)$0http://id.loc.gov/authorities/names/no2006041282
=776  08$iOnline version:$aKingsolver, John Mark.$tSelected bibliography of insect-vascular plant associational studies.$d[Beltsville, Md.] : U.S. Dept. of Agriculture, Agricultural Research Service, 1967$w(OCoLC)743025205
=830  \0$aARS (Series) (United States. Agricultural Research Service) ;$v33-115.
=856  41$uhttps://archive.org/details/selectedbibliogr115king
=912  \\$analcatalog
=930  \\$a20201009$b00000000$c00000000
=939  \\$a20140411$b20140502$c00000000
=939  \\$a20131022$b20131101$c00000000
=939  \\$a20050217$b20050301$c00000000
=945  \\$aDigiMet
=945  \\$p40
=946  \\$aUSDA
=959  \\$c2013-10-22$essouder$gurl
=959  \\$c2020-10-09$ecbarone$gother
=994  \\$a92$bAGL

