=LDR  02727cas a2200925Ia 4500
=001  9915508546807426
=005  20240624190231.0
=008  990126d19331953dcuwr\p\\\\\\f0\\\\0eng\\
=016  7\$aCAT10860496$2DNAL
=035  \\$a825775
=035  \\$a(OCoLC)39961519
=035  \\$a(DNAL)825775-naldb-Voyager
=040  \\$aAGL$beng$cAGL$dOCL$dOCLCQ$dOCLCF$dOCLCO$dAGL
=043  \\$an-us---
=049  \\$aAGLL
=070  0\$a1.9$bIn31We
=072  \0$aA000
=245  00$aWeekly news series /$cUnited States Department of Agriculture, Office of Information, Press Service.
=260  \\$aWashington, D.C. :$bThe Dept.,$c[1933]-
=300  \\$avolumes ;$c28 cm
=310  \\$aWeekly
=336  \\$atext$btxt$2rdacontent
=337  \\$aunmediated$bn$2rdamedia
=338  \\$avolume$bnc$2rdacarrier
=362  0\$aNo. 1-1816 (May 29, 1933-July 1953).
=550  \\$aIssued by: U.S. Dept. of Agriculture, Extension Service, and Agricultural Adjustment Administration, 1934-1939.
=591  \\$bNAL Reclamation
=593  \\$fAgricola CAT
=650  \0$aAgriculture$zUnited States$vPeriodicals.
=651  \7$aUnited States.$2fast$0(OCoLC)fst01204155
=655  \3$aInternet resource.
=655  \7$aPeriodicals.$2fast$0(OCoLC)fst01411641
=710  1\$aUnited States.$bDepartment of Agriculture.$bPress Service.$0http://id.loc.gov/authorities/names/no91007019
=710  1\$aUnited States.$bExtension Service.$0http://id.loc.gov/authorities/names/n80120734
=710  1\$aUnited States.$bAgricultural Adjustment Administration.$0http://id.loc.gov/authorities/names/n50061612
=785  00$tNews service for weeklies$w(OCoLC)39961520
=856  41$uhttps://archive.org/details/usda-newsserviceforweeklies
=912  \\$analcatalog
=930  \\$a20140702$b20140807$c00000000
=939  \\$a19990131$b19990208$c00000000
=945  \\$dCM$e99/01/26$fCM$g99/01/26
=945  \\$vpt. 1
=945  \\$p178
=945  \\$aDigiMet
=945  \\$vpt. 2
=945  \\$p216
=945  \\$aDigiMet
=945  \\$vpt. 3
=945  \\$p338
=945  \\$aDigiMet
=945  \\$vpt. 4
=945  \\$p328
=945  \\$aDigiMet
=945  \\$vpt. 5
=945  \\$p274
=945  \\$aDigiMet
=945  \\$vpt. 6
=945  \\$p292
=945  \\$aDigiMet
=945  \\$vpt. 7
=945  \\$p322
=945  \\$aDigiMet
=945  \\$vpt. 8
=945  \\$p284
=945  \\$aDigiMet
=945  \\$vpt. 9
=945  \\$p330
=945  \\$aDigiMet
=945  \\$vpt. 10
=945  \\$p286
=945  \\$aDigiMet
=945  \\$vpt. 11
=945  \\$p270
=945  \\$aDigiMet
=945  \\$vpt. 12
=945  \\$p160
=945  \\$aDigiMet
=946  \\$aUSDA
=959  \\$c2013-04-02$essouder$gap
=994  \\$a92$bAGL

