=LDR  02677cas a2201105Ia 4500
=001  9915508555507426
=005  20240624190230.0
=008  990126d195319uudcuwr\p\\\\\\f0\\\\0eng\\
=016  7\$aCAT10860497$2DNAL
=035  \\$a825776
=035  \\$a(OCoLC)39961520
=035  \\$a(DNAL)825776-naldb-Voyager
=040  \\$aAGL$beng$cAGL$dOCL$dOCLCQ$dOCLCF$dOCLCO$dOCLCA$dAGL
=043  \\$an-us---
=049  \\$aAGLL
=070  0\$a1.9$bIn31We
=072  \0$aA000
=245  00$aNews service for weeklies /$cUnited States Department of Agriculture.
=260  \\$aWashington, D.C. :$bThe Dept.,$c[1953]-
=300  \\$avolumes ;$c28 cm
=310  \\$aWeekly
=336  \\$atext$btxt$2rdacontent
=337  \\$aunmediated$bn$2rdamedia
=338  \\$avolume$bnc$2rdacarrier
=362  0\$aNo. 2018-3599 (Aug. 1953-1958).
=591  \\$bNAL Reclamation
=593  \\$fAgricola CAT
=650  \0$aAgriculture$zUnited States$vPeriodicals.
=651  \7$aUnited States.$2fast$0(OCoLC)fst01204155
=655  \3$aInternet resource.
=655  \7$aPeriodicals.$2fast$0(OCoLC)fst01411641
=710  1\$aUnited States.$bDepartment of Agriculture.
=780  00$tWeekly news series$w(OCoLC)39961519
=856  41$uhttps://archive.org/details/usda-newsserviceforweeklies
=912  \\$analcatalog
=930  \\$a20140702$b20140807$c00000000
=939  \\$a19990131$b19990208$c00000000
=945  \\$dCM$e99/01/26$fCM$g99/01/26
=945  \\$vpt. 1
=945  \\$p142
=945  \\$aDigiMet
=945  \\$vpt. 2
=945  \\$p252
=945  \\$aDigiMet
=945  \\$vpt. 3
=945  \\$p326
=945  \\$aDigiMet
=945  \\$vpt. 4
=945  \\$p192
=945  \\$aDigiMet
=945  \\$vpt. 5
=945  \\$p258
=945  \\$aDigiMet
=945  \\$vpt. 6
=945  \\$p184
=945  \\$aDigiMet
=945  \\$vpt. 7
=945  \\$p6
=945  \\$aDigiMet
=945  \\$vpt. 17
=945  \\$p250
=945  \\$aDigiMet
=945  \\$vpt. 18
=945  \\$p346
=945  \\$aDigiMet
=945  \\$vpt. 19
=945  \\$p66
=945  \\$aDigiMet
=945  \\$vpt. 20
=945  \\$p170
=945  \\$aDigiMet
=945  \\$vpt. 21
=945  \\$p48
=945  \\$aDigiMet
=945  \\$vpt. 22
=945  \\$p108
=945  \\$aDigiMet
=945  \\$vpt. 23
=945  \\$p70
=945  \\$aDigiMet
=945  \\$vpt. 24
=945  \\$p138
=945  \\$aDigiMet
=945  \\$vpt. 25
=945  \\$p40
=945  \\$aDigiMet
=945  \\$vpt. 26
=945  \\$p12
=945  \\$aDigiMet
=945  \\$vpt. 27
=945  \\$p6
=945  \\$aDigiMet
=946  \\$aUSDA
=959  \\$c2013-04-02$essouder$gap
=994  \\$a92$bAGL

