=LDR  01881cam a2200493Ii 4500
=001  9915508657107426
=005  20240624190245.0
=008  800401s1965\\\\xxua\\\\\\\\\f000\0\eng\d
=016  7\$aCAT10231035$2DNAL
=035  \\$a201307
=035  \\$a(OCoLC)04269076
=035  \\$a(DNAL)201307-naldb-Voyager
=040  \\$aGIS$beng$cGIS$dOCLCQ$dNUI$dOCLCF$dOCLCQ$dCOF$dRIU$dOCLCA$dOCLCQ$dAGL
=049  \\$aAGLL
=070  0\$aA56.9$bR31 no. 105
=072  \0$a8500
=086  0\$aA 77.15:41-105
=086  0\$aA 77.15:ARS-41-105
=086  0\$aA 77.15:44-105
=100  1\$aRee, William Oscar,$d1913-$0http://id.loc.gov/authorities/names/n80152945
=245  10$aSwiss channel-type gaging stations /$cW.O. Ree.
=260  \\$a[Place of publication not identified] :$bAgricultural Research Service, U.S. Dept. of Agriculture,$c1965.
=300  \\$a10 pages :$billustrations ;$c26 cm
=336  \\$atext$btxt$2rdacontent
=337  \\$aunmediated$bn$2rdamedia
=338  \\$avolume$bnc$2rdacarrier
=490  1\$aARS ;$v41-105
=530  \\$aAlso available on the Internet.
=591  \\$bNAL Reclamation
=593  \\$fAgricola CAT
=650  \0$aStream measurements.$0http://id.loc.gov/authorities/subjects/sh85128570
=655  \3$aInternet resource.
=710  1\$aUnited States.$bAgricultural Research Service.
=776  08$iOnline version:$aRee, William Oscar,1913-$tSwiss channel-type gaging stations.$d[S.l.] : Agricultural Research Service, U.S. Dept. of Agriculture, 1965$w(OCoLC)743104336
=830  \0$aARS (Series) (United States. Agricultural Research Service) ;$v41-105.
=856  41$uhttps://archive.org/details/swisschanneltype10reew
=912  \\$analcatalog
=930  \\$a20201020$b00000000$c00000000
=945  \\$aDigiMet
=945  \\$p18
=946  \\$aUSDA
=959  \\$c2013-10-22$essouder$gurl
=959  \\$c2020-10-20$ecbarone$gother
=994  \\$a92$bAGL

