=LDR  02117cam a2200529Ma 4500
=001  9915508663107426
=005  20240624190242.0
=008  800401s1964\\\\mdua\\\\\b\\\f000\0\eng\d
=016  7\$aCAT10231028$2DNAL
=035  \\$a201293
=035  \\$a(OCoLC)41746262
=035  \\$a(DNAL)201293-naldb-Voyager
=040  \\$aIdU$beng$cNTD$dOCLCQ$dOCLCG$dOCLCF$dOCLCO$dOCLCQ$dOCLCA$dNTE$dAGL
=043  \\$an-us-id
=049  \\$aAGLL
=050  \0$aS592.17.S64$bR38 1964
=070  0\$aA56.9$bR31 no. 91
=072  \0$a8000
=100  1\$aRasmussen, W. W.,$eauthor.$0http://id.loc.gov/authorities/names/no2007002119
=245  10$aImprovement of the Chilcott-Sebree (solodized-Solonetz) slick spot soils in southwestern Idaho /$cby W.W. Rasmussen, G.C. Lewis and M.A. Fosberg.
=260  \\$aBeltsville, Md. :$bUSDA Agricultural Research Service,$c[1964]
=300  \\$a39 pages :$billustrations ;$c26 cm
=336  \\$atext$btxt$2rdacontent
=337  \\$aunmediated$bn$2rdamedia
=338  \\$avolume$bnc$2rdacarrier
=504  \\$aIncludes bibliographical references (page 34).
=530  \\$aAlso available on the Internet.
=591  \\$bNAL Reclamation
=593  \\$fAgricola CAT
=650  \0$aSolonetz soils.$0http://id.loc.gov/authorities/subjects/sh85124717
=650  \0$aSoils$zIdaho.
=650  \0$aLand capability for agriculture$zIdaho.
=651  \7$aIdaho.$2fast$0(OCoLC)fst01211709
=655  \3$aInternet resource.
=700  1\$aLewis, G. C.$q(Glenn Charles)$0http://id.loc.gov/authorities/names/no2007127788
=700  1\$aFosberg, Maynard A.$0http://id.loc.gov/authorities/names/n80086858
=710  1\$aUnited States.$bAgricultural Research Service,$eissuing body.$0http://id.loc.gov/authorities/names/n79108942
=830  \0$aARS (Series) (United States. Agricultural Research Service) ;$v41-91.
=856  41$uhttps://archive.org/details/improvementofchi91rasm
=912  \\$analcatalog
=930  \\$a20201020$b00000000$c00000000
=945  \\$aDigiMet
=945  \\$p48
=946  \\$aUSDA
=959  \\$c2013-10-22$essouder$gurl
=959  \\$c2020-10-20$ecbarone$gother
=994  \\$a92$bAGL

