=LDR  01677cam a2200457 a 4500
=001  9915508666707426
=005  20240624190249.0
=008  800401s1966\\\\dcua\\\\\\\\\f000\0\eng\d
=016  7\$aCAT10231034$2DNAL
=035  \\$a201305
=035  \\$a(OCoLC)855859527
=035  \\$a(DNAL)201305-naldb-Voyager
=040  \\$aMUU$beng$cMUU$dOCLCQ$dOCLCA$dOCLCF$dOCLCQ$dAGL
=049  \\$aAGLL
=070  \\$aA280.39$bR31A no. 7
=072  \0$a3500
=086  0\$aA 77.15:ARS-51-7
=100  1\$aRedlinger, L. M.
=245  10$aEvaluation of four inert dusts for the protection of shelled corn in Georgia from insect attack /$cby L.M. Redlinger and H. Womack.
=260  \\$a[Washington, D.C.] :$bUnited States Department of Agriculture, Agricultural Research Service,$c1966.
=300  \\$a25 pages :$billustrations ;$c26 cm
=336  \\$atext$btxt$2rdacontent
=337  \\$aunmediated$bn$2rdamedia
=338  \\$avolume$bnc$2rdacarrier
=490  1\$aARS ;$v51-7
=591  \\$bNAL Reclamation
=593  \\$fAgricola CAT
=650  \0$aFumigants$xEvaluation.
=650  \0$aCorn$xDiseases and pests$xControl.$0http://id.loc.gov/authorities/subjects/sh86001823
=655  \3$aInternet resource.
=700  1\$aWomack, Herbert,$d1929-$0http://id.loc.gov/authorities/names/no99041322
=710  1\$aUnited States.$bAgricultural Research Service.
=830  \0$aARS (Series) (United States. Agricultural Research Service) ;$v51-7.
=856  41$uhttps://archive.org/details/evaluationoffour07redl
=912  \\$analcatalog
=930  \\$a20140306$b20140404$c00000000
=945  \\$aDigiMet
=945  \\$p32
=946  \\$aUSDA
=959  \\$c2014-03-06$earojas$gap
=994  \\$a92$bAGL

