=LDR  01736cam a2200481Ma 4500
=001  9915508691007426
=005  20240624190241.0
=008  800401s1965\\\\dcua\\\\\\\\\\000\0\eng\d
=016  7\$aCAT10231336$2DNAL
=035  \\$a201903
=035  \\$a(OCoLC)262686797
=035  \\$a(DNAL)201903-naldb-Voyager
=040  \\$aORE$beng$cORE$dOCLCQ$dOCLCO$dOCLCA$dOCLCF$dOCLCA$dAGL
=049  \\$aAGLL
=050  10$aS21$b.A481 no.982 rev.1965
=070  \\$a1$bAg84M no. 982 1965
=072  \0$a2500
=086  0\$aA 1.38:982/1965
=245  00$aResearch careers in chemistry and other sciences.
=250  \\$aRev. Nov. 1965.
=260  \\$aWashington, D.C. :$bU.S. Dept. of Agriculture,$c1965.
=300  \\$a1 folded sheet (8 pages) :$billustrations ;$c19 x 41 cm folded to 19 x 10 cm.
=336  \\$atext$btxt$2rdacontent
=337  \\$aunmediated$bn$2rdamedia
=338  \\$asheet$bnb$2rdacarrier
=490  1\$aMiscellaneous publication ;$v982
=583  \\$xSHORT ANALYTIC RECORD. NO OCLC COPY FOR 1965 REVISION, 6-2002, LAW.
=591  \\$bNAL Reclamation
=593  \\$fAgricola CAT
=650  \0$aChemistry$xVocational guidance.$0http://id.loc.gov/authorities/subjects/sh85023010
=650  \0$aAgriculture$xResearch$xVocational guidance.
=655  \3$aInternet resource.
=710  1\$aUnited States.$bDepartment of Agriculture.
=830  \0$aMiscellaneous publication ;$v982.
=830  \0$aMiscellaneous publication (United States. Department of Agriculture) ;$vno. 982.
=856  41$uhttps://archive.org/details/researchcareersi982unit
=912  \\$analcatalog
=930  \\$a20140305$b00000000$c00000000
=945  \\$aDigiMet
=945  \\$p18
=946  \\$aUSDA
=959  \\$c2013-06-27$ejgilbert$glf
=994  \\$a92$bAGL

