=LDR  02842cam a2200625I  4500
=001  9915508719807426
=005  20240624190240.0
=008  800401s1966\\\\dcua\\\\\b\\\f100\0\eng\\
=010  \\$aagr66000256 
=016  7\$aCAT10230957$2DNAL
=035  \\$a201150
=035  \\$a(OCoLC)02674459
=035  \\$a(DNAL)201150-naldb-Voyager
=040  \\$aDLC$beng$cZQM$dOCL$dIUL$dOCLCQ$dNUI$dOCLCF$dOCLCQ$dOCLCO$dOCL$dOCLCO$dCOF$dSFR$dGILDS$dWURST$dOCLCQ$dAGL
=049  \\$aAGLL
=050  \0$aSB950.A1$bA4 1964
=070  0\$aA420$bR31 no. 110
=072  \0$a3500
=086  0\$aA 77.15:33-110
=086  0\$aA 77.15:ARS-33-110
=110  2\$aAmerican Association for the Advancement of Science.$bSection on Agriculture.$0http://id.loc.gov/authorities/names/n79151565
=245  10$aPest control by chemical, biological, genetic, and physical means;$ba symposium.$cPresented at the meeting of the American Association for the Advancement of Science, Section O on Agriculture, December 26-31, 1964.
=260  \\$a[Washington]$bAgricultural Research Service, U.S. Dept. of Agriculture$c[1966]
=300  \\$aiv, 214 pages$billustrations$c26 cm
=336  \\$atext$btxt$2rdacontent
=337  \\$aunmediated$bn$2rdamedia
=338  \\$avolume$bnc$2rdacarrier
=490  1\$aUnited States. Agricultural Research Service. ARS$v33-110
=504  \\$aIncludes bibliographical references.
=530  \\$aAlso available on the Internet.
=591  \\$bNAL Reclamation
=593  \\$fAgricola CAT
=650  \0$aEntomology$vCongresses.$0http://id.loc.gov/authorities/subjects/sh85044127
=650  \0$aPests$xControl$vCongresses.
=650  \0$aPlants, Protection of$vCongresses.
=650  \3$aPests$vCongresses.
=650  \3$aPlant protection$vCongresses.
=655  \3$aInternet resource.
=655  \4$aCongresses.
=655  \7$aConference papers and proceedings.$2fast$0(OCoLC)fst01423772
=700  1\$aKnipling, E. F.$0http://id.loc.gov/authorities/names/n81084095
=710  1\$aUnited States.$bAgricultural Research Service,$eissuing body.$0http://id.loc.gov/authorities/names/n79108942
=776  08$iOnline version:$aAmerican Association for the Advancement of Science. Section on Agriculture.$tPest control by chemical, biological, genetic, and physical means.$d[Washington] Agricultural Research Service, U.S. Dept. of Agriculture [1966]$w(OCoLC)707253594
=830  \0$aARS (Series) (United States. Agricultural Research Service) ;$v33-110.
=856  41$uhttps://archive.org/details/pestcontrolbyche110pest
=912  \\$analcatalog
=930  \\$a20201020$b00000000$c00000000
=939  \\$a20140411$b20140502$c00000000
=939  \\$a20131022$b20131101$c00000000
=945  \\$aDigiMet
=945  \\$p228
=946  \\$aUSDA
=959  \\$c2013-10-22$essouder$gurl
=959  \\$c2020-10-20$ecbarone$gother
=994  \\$a92$bAGL

