=LDR  01089cam a2200361M  4500
=001  9915508722607426
=005  20240624190248.0
=008  800401s1963\\\\dcu\\\\\\\\\\\000\0\eng\d
=016  7\$aCAT10231345$2DNAL
=035  \\$a201921
=035  \\$a(OCoLC)1289125847
=035  \\$a(DNAL)201921-naldb-Voyager
=040  \\$aAGL$beng$cAGL
=049  \\$aAGLL
=070  \\$aA31.3$bR31A no. 84
=072  \0$a2000
=110  1\$aUnited States.$bAgricultural Research Service.$bAnimal Inspection and Quarantine Division.
=245  10$aOur Federal system of animal inspection and quarantine and its regulations.
=260  \\$a[Washington]$c1963.
=300  \\$a10 p.
=490  1\$aU.S. Agricultural Research Service. ARS 22-84
=591  \\$bNAL Reclamation
=593  \\$fAgricola CAT
=655  \3$aInternet resource.
=830  \0$aARS-22 ;$v84.
=856  41$uhttps://archive.org/details/ourfederalsystem84unit
=912  \\$analcatalog
=930  \\$a20140306$b00000000$c00000000
=945  \\$aDigiMet
=945  \\$p18
=946  \\$aUSDA
=959  \\$c2014-03-06$earojas$gap
=994  \\$a92$bAGL

