=LDR  01136cam a2200373M  4500
=001  9915508725507426
=005  20240624190244.0
=008  800401s1966\\\\dcu\\\\\\\\\\\000\0\eng\d
=016  7\$aCAT10231366$2DNAL
=035  \\$a201962
=035  \\$a(OCoLC)1289160028
=035  \\$a(DNAL)201962-naldb-Voyager
=040  \\$aAGL$beng$cAGL
=049  \\$aAGLL
=070  \\$aA280.39$bAg8M no. 1 1966
=072  \0$a1500
=110  1\$aUnited States.$bConsumer and Marketing Service.
=245  10$aHow to buy poultry by USDA grades.
=250  \\$aRev. Sept. 1966.
=260  \\$aWashington$b[U.S. Govt. Print. Off.,$c1966]
=300  \\$bfolder.
=490  1\$aU.S. Dept. of Agriculture. Marketing bulletin no. 1
=591  \\$bNAL Reclamation
=593  \\$fAgricola CAT
=655  \3$aInternet resource.
=810  1\$aUnited States.$bDepartment of Agriculture.$tMarketing bulletin.$vno. 1.
=856  41$uhttps://archive.org/details/howtobuypoultryb01unit_1
=912  \\$analcatalog
=930  \\$a20140411$b00000000$c00000000
=945  \\$aDigiMet
=945  \\$p6
=946  \\$aUSDA
=959  \\$c2013-04-02$essouder$gap
=994  \\$a92$bAGL

