=LDR  02321cmm a2200613Ma 4500
=001  9915508797107426
=005  20240620193000.0
=007  co\mn|||||||||
=008  000223s1995\\\\gau\\\\\q\\d\f\\\\\\eng\d
=016  7\$aCAT10825752$2DNAL
=035  \\$a842884
=035  \\$a(OCoLC)1195047312
=035  \\$a(DNAL)842884-naldb-Voyager
=040  \\$aNJT$beng$cNJT$dOCLCO$dOCLCF$dOCLCQ$dAGL
=049  \\$aAGLL
=070  0\$aaSD11.U5936$bno. 53
=072  \0$aF110
=074  \\$a0079-M (online)
=086  0\$aA 13.110/9:R 8-FR 53
=100  1\$aDuryea, Mary L.
=245  10$aTree growth in the urban forest /$cwritten by Mary L. Duryea and Marlene M. Malavasi.
=256  \\$aElectronic text data.
=264  \1$aAtlanta, GA :$bSouthern Region, USDA Forest Service,$c[1995]
=336  \\$aunspecified$bzzz$2rdacontent
=337  \\$acomputer$bc$2rdamedia
=338  \\$acomputer disc$bcd$2rdacarrier
=490  1\$aForestry report R8-FR ;$v53
=490  1\$aTechnical bulletin ;$v#2
=538  \\$aMode of access: Internet through the World Wide Web.
=516  \\$aText (electronic publication).
=504  \\$aIncludes bibliographical references.
=530  \\$aPreviously available via Internet from the LC web site (PDF file only). Address as of 7/31/2000: http://www.urbanforestrysouth.org/pubs/Techbulletin/tb2.htm.
=591  \\$bNAL Reclamation
=593  \\$fAgricola CAT
=650  \0$aTrees in cities$xGrowth.
=650  \0$aUrban forestry.$0http://id.loc.gov/authorities/subjects/sh85141314
=650  \0$aTrees$xGrowth.$0http://id.loc.gov/authorities/subjects/sh85137245
=655  \3$aInternet resource.
=700  1\$aMalavasi, Marlene M.
=710  1\$aUnited States.$bForest Service.$bSouthern Region.
=830  \0$aForestry report R8-FR ;$v53.
=830  \0$aTechnology bulletin (Urban & Community Forestry Assistance Program (U.S.)) ;$v2.
=856  40$uhttp://purl.access.gpo.gov/GPO/LPS2090
=856  41$uhttps://archive.org/details/treegrowthinurba53dury
=912  \\$analcatalog
=930  \\$a20140812$b20140905$c00000000
=939  \\$a20011101$b20011108$c00000000
=939  \\$a19970501$b19970508$c00000000
=939  \\$a20011005$b00000000$c00000000
=945  \\$dSS$e2000/02/22$fCMM$g2000/02/23$n1
=945  \\$p8
=945  \\$aDigiMet
=946  \\$aUSDA
=994  \\$a92$bAGL

