=LDR  02036cam a2200529Ia 4500
=001  9915508926507426
=005  20240620193051.0
=008  000207s1951\\\\nbuab\\\\b\\\f000\0\eng\d
=016  7\$aCAT11062663$2DNAL
=035  \\$a842354
=035  \\$a(OCoLC)08109012
=035  \\$a(DNAL)842354-naldb-Voyager
=040  \\$aCUS$beng$cCUS$dAGL$dOCLCQ$dEYM$dMUU$dOCLCQ$dOCLCF$dOCLCQ$dOCLCO$dTJC$dOCL
=049  \\$aAGLL
=050  10$aQE571$b.G568
=070  0\$a1.96$bAd6Tp no. 102
=072  \0$aJ800
=086  0\$aA 57.15:102
=100  1\$aGlymph, Louis M.
=245  10$aRelation of sedimentation to accelerated erosion in the Missouri River basin /$cby Louis M. Glymph.
=260  \\$aLincoln, Neb. :$bU.S. Soil Conservation Service,$c1951.
=300  \\$a20 leaves :$billustrations, maps (some folded) ;$c28 cm.
=336  \\$atext$btxt$2rdacontent
=337  \\$aunmediated$bn$2rdamedia
=338  \\$avolume$bnc$2rdacarrier
=490  1\$aSCS-TP ;$v102
=504  \\$aIncludes bibliographical references (leaves 21-23).
=530  \\$aAlso issued online.
=591  \\$bNAL Reclamation
=593  \\$fAgricola CAT
=650  \0$aErosion$zMissouri River Watershed.
=650  \0$aSedimentation and deposition$zMissouri River Watershed.
=651  \7$aMissouri River Watershed.$2fast$0(OCoLC)fst01264793
=655  \3$aInternet resource.
=710  1\$aUnited States.$bSoil Conservation Service.$0http://id.loc.gov/authorities/names/n78085479
=776  08$iOnline version:$aGlymph, Louis M.$tRelation of sedimentation to accelerated erosion in the Missouri River basin.$dLincoln, Neb. : U.S. Soil Conservation Service, 1951$w(OCoLC)606507460
=830  \0$aSCS-TP ;$v102.
=856  41$uhttps://archive.org/details/relationofsedime102glym
=912  \\$analcatalog
=930  \\$a20140702$b20140807$c00000000
=939  \\$a20130116$b20130201$c00000000
=939  \\$a20000302$b20000309$c00000000
=945  \\$dAR$e2000/02/07$fAR$g2000/02/07$n1
=945  \\$p74
=945  \\$aDigiMet
=946  \\$aOther US
=994  \\$a92$bAGL

