=LDR  02097cam a2200517Ia 4500
=001  9915443350507426
=005  20240620152336.0
=008  890419s1962\\\\dcuab\\\\\\\\f000\0\eng\d
=016  7\$aCAT10308665$2DNAL
=035  \\$a348512
=035  \\$a(OCoLC)11146139
=035  \\$a(DNAL)348512-naldb-Voyager
=040  \\$aCLA$beng$cCLA$dAGL$dOCLCQ$dOCLCF$dOCLCO$dOCLCA
=043  \\$an-us-ca$an-us-or$an-us-wa
=049  \\$aAGLY
=070  0\$a1$bAg84M no.900
=072  \0$aJ800
=072  \0$aP200
=072  \0$aA500
=245  00$aSoil and water conservation in the Pacific Coast region /$c[by the Soil and Water Conservation Research Division, Agricultural Research Service].
=260  \\$aWashington, D.C. :$bU.S. Dept. of Agriculture, Agricultural Research Service,$c1962.
=300  \\$a26 pages :$billustrations, maps ;$c24 cm.
=336  \\$atext$btxt$2rdacontent
=337  \\$aunmediated$bn$2rdamedia
=338  \\$avolume$bnc$2rdacarrier
=490  1\$aMiscellaneous publication / United States Department of Agriculture ;$vno. 900
=591  \\$bNAL Reclamation
=593  \\$fAgricola CAT
=650  \0$aSoil conservation$zPacific Coast (U.S.).
=650  \0$aWater conservation$zPacific Coast (U.S.).
=650  \0$aSoil conservation$xResearch.$0http://id.loc.gov/authorities/subjects/sh85124331
=650  \0$aWater conservation$xResearch.$0http://id.loc.gov/authorities/subjects/sh85145544
=651  \7$aUnited States$zPacific Coast.$2fast$0(OCoLC)fst01243522
=655  \3$aInternet resource.
=710  1\$aUnited States.$bAgricultural Research Service.$bSoil and Water Conservation Research Division.$0http://id.loc.gov/authorities/names/n83008026
=830  \0$aMiscellaneous publication (United States. Department of Agriculture) ;$vno. 900.
=841  \\$ax   $b8709220u    0   4   uu   1870922$ez
=852  \\$aDNAL$i1 Ag84M no.900
=856  41$uhttps://archive.org/details/soilwaterconserv900unit
=912  \\$analcatalog
=930  \\$a20140305$b20140404$c00000000
=945  \\$aUIU
=945  \\$p34
=945  \\$aDigiMet
=946  \\$aUSDA
=994  \\$a92$bAGL

