=LDR  02821cam a2200589Ia 4500
=001  9915443355007426
=005  20240620152336.0
=008  890419s1938\\\\dcua\\\\\\\\\f000\0\eng\d
=016  7\$aCAT10309079$2DNAL
=019  \\$a798953871
=035  \\$a348084
=035  \\$a(OCoLC)15636390$z(OCoLC)798953871
=035  \\$a(DNAL)348084-naldb-Voyager
=035  \\$z(OCoLC)798953871
=040  \\$aRQF$beng$cRQF$dAGL$dIUL$dOCLCQ$dOCLCG$dOCLCA$dLHL$dOCLCO$dOCLCA$dOCLCQ$dOCLCA$dOCLCF$dOCLCO$dNOC$dOCLCA$dSFR$dOKS$dOCLCQ
=043  \\$an-us---
=049  \\$aAGLY
=050  \0$aS21$b.A46 no.314
=070  0\$a1$bAg84M no.314
=072  \0$aN200
=072  \0$aS200
=086  0\$aA 1.38:314
=100  1\$aBennett, Charles A.$q(Charles Abel),$d1889-
=245  10$aOverhead cleaner-drying systems for seed cotton /$c[by Charles A. Bennett and Charles S. Shaw].
=260  \\$aWashington, D.C. :$bU.S. Dept. of Agriculture,$c1938.
=300  \\$a20 pages :$billustrations ;$c23 cm.
=336  \\$atext$btxt$2rdacontent
=337  \\$aunmediated$bn$2rdamedia
=338  \\$avolume$bnc$2rdacarrier
=490  1\$aMiscellaneous publication / United States Department of Agriculture ;$vno. 314
=505  0\$aIntroduction -- Air-line cleaner-driers. pp. 1 -- Out-of-the-air overhead cleaner-driers. pp. 4 -- Multibattery cleaner-drier. pp. 9 -- Drying-air heaters. pp. 10 -- Operation of driers. pp. 14 -- Examples of installations. pp. 15 -- Uses and cost of overhead cleaner-driers. pp. 19.
=520  3\$aThe air-line cleaner-drier, within certain limitations, has proved satisfactory under test and meets the requirements of the government process. It and some of the methods of applying hot air to out-of-the-air cleaners are described in this publication.
=591  \\$bNAL Reclamation
=593  \\$fAgricola CAT
=650  \0$aCotton$xCleaning.$0http://id.loc.gov/authorities/subjects/sh85033303
=650  \0$aCotton$xDrying.
=650  \0$aCotton machinery.$0http://id.loc.gov/authorities/subjects/sh85033334
=655  \3$aInternet resource.
=700  1\$aShaw, Charles S.$q(Charles Scott),$d1909-$0http://id.loc.gov/authorities/names/n89643834
=776  08$iOnline version:$aBennett, Charles A. (Charles Abel), b. 1889.$tOverhead cleaner-drying systems for seed cotton.$dWashington, D.C. : U.S. Dept. of Agriculture, 1938$w(OCoLC)760193702
=830  \0$aMiscellaneous publication (United States. Department of Agriculture) ;$vno. 314.
=841  \\$ax$b8709220u    0   4   uu   1870922$ez
=852  \\$aDNAL$i1 Ag84M no.314
=856  41$uhttps://archive.org/details/overheadcleanerd314benn
=912  \\$analcatalog
=930  \\$a20140305$b20140404$c00000000
=939  \\$a20060510$b20060607$c00000000
=945  \\$aUIU
=945  \\$p28
=945  \\$aDigiMet
=946  \\$aUSDA
=994  \\$a92$bAGL

