=LDR  02263cam a2200529Ia 4500
=001  9915443369507426
=005  20240620152339.0
=008  890419s1941\\\\dcu\\\\\\\\\\f000\0\eng\d
=016  7\$aCAT10310603$2DNAL
=019  \\$a213773153$a800146996
=035  \\$a348145
=035  \\$a(OCoLC)15646827$z(OCoLC)213773153$z(OCoLC)800146996
=035  \\$a(DNAL)348145-naldb-Voyager
=035  \\$z(OCoLC)213773153$z(OCoLC)800146996
=040  \\$aRQF$beng$cRQF$dAGL$dIUL$dOCLCQ$dLHL$dOCLCF$dOCLCO$dNOC$dOCLCA
=043  \\$an-us---
=049  \\$aAGLY
=070  0\$a1$bAg84M no.441
=072  \0$aS200
=072  \0$aE710
=086  0\$aA 1.38:441
=245  00$aCottonseed :$bofficial grading and market news.
=260  \\$aWashington, D.C. :$bU.S. Dept. of Agriculture, Agricultural Marketing Service,$c1941.
=300  \\$a1 folded sheet (6 pages) ;$c23 x 30 cm, folded to 23 x 10 cm.
=336  \\$atext$btxt$2rdacontent
=337  \\$aunmediated$bn$2rdamedia
=338  \\$asheet$bnb$2rdacarrier
=490  1\$aMiscellaneous publication / United States Department of Agriculture ;$vno. 441
=505  0\$aHow do they work -- Why grading is necessary. -- Why market news is necessary. -- To produce high-grade cotton-seed. -- Advantages to farmers. -- Where grading is available. -- Where market news is available. -- To obtain market news reports. -- How do millers cooperate? -- What will encourage grading..
=591  \\$bNAL Reclamation
=593  \\$fAgricola CAT
=650  \0$aCottonseed$xGrading.
=650  \0$aCottonseed$xMarketing.
=655  \3$aInternet resource.
=710  1\$aUnited States.$bAgricultural Marketing Service.$0http://id.loc.gov/authorities/names/n79108924
=776  08$iOnline version:$tCottonseed.$dWashington, D.C. : U.S. Dept. of Agriculture, Agricultural Marketing Service, 1941$w(OCoLC)760001483
=830  \0$aMiscellaneous publication (United States. Department of Agriculture) ;$vno. 441.
=841  \\$ax   $b8709220u    0   4   uu   1870922$ez
=852  \\$aDNAL$i1 Ag84M no.441
=856  41$uhttps://archive.org/details/cottonseedoffici441unit
=912  \\$analcatalog
=930  \\$a20140305$b20140404$c00000000
=945  \\$aUIU
=945  \\$p10
=945  \\$aDigiMet
=946  \\$aUSDA
=994  \\$a92$bAGL

