=LDR  02347cam a2200541Ia 4500
=001  9915443370607426
=005  20240620152348.0
=008  890419s1940\\\\dcu\\\\\\\\\\f000\0\eng\d
=016  7\$aCAT10310391$2DNAL
=019  \\$a213773209$a800071943
=035  \\$a348128
=035  \\$a(OCoLC)15646723$z(OCoLC)213773209$z(OCoLC)800071943
=035  \\$a(DNAL)348128-naldb-Voyager
=035  \\$z(OCoLC)213773209$z(OCoLC)800071943
=040  \\$aRQF$beng$cRQF$dAGL$dIUL$dOCLCQ$dLHL$dOCLCF$dOCLCO$dNOC$dOCLCA$dOKS$dOCLCQ
=043  \\$an-us---
=049  \\$aAGLY
=050  \0$aS21$b.A46 no. 419
=070  0\$a1$bAg84M no.419
=072  \0$aE200
=086  0\$aA 1.38:419
=245  00$aAdjusting farm family living to the impact of war abroad and home defense /$cissued by Bureau of Home Economics, Bureau of Agricultural Economics.
=260  \\$aWashington, D.C. :$bU.S. Dept. of Agriculture,$c1940.
=300  \\$a1 folded sheet (8 pages) ;$c23 x 40 cm, folded to 23 x 10 cm.
=336  \\$atext$btxt$2rdacontent
=337  \\$aunmediated$bn$2rdamedia
=338  \\$asheet$bnb$2rdacarrier
=490  1\$aMiscellaneous publication / United States Department of Agriculture ;$vno. 419
=505  0\$aAdjusting farm-family living in 1941, the farm family's income, 1941. pp. 2 -- The farm family's food. pp. 3 -- The farm family's home. pp. 4 -- The farm family's wardrobe. pp. 5 -- Broadening horizons -- A farm-family living program for 1941. pp. 6.
=591  \\$bNAL Reclamation
=593  \\$fAgricola CAT
=650  \0$aFarm income$zUnited States.
=650  \0$aCost and standard of living$zUnited States.
=651  \7$aUnited States.$2fast$0(OCoLC)fst01204155
=655  \3$aInternet resource.
=710  1\$aUnited States.$bBureau of Home Economics.$0http://id.loc.gov/authorities/names/no92005258
=710  1\$aUnited States.$bBureau of Agricultural Economics.$0http://id.loc.gov/authorities/names/n80060900
=830  \0$aMiscellaneous publication (United States. Department of Agriculture) ;$vno. 419.
=841  \\$ax   $b8709220u    0   4   uu   1870922$ez
=852  \\$aDNAL$i1 Ag84M no.419
=856  41$uhttps://archive.org/details/adjustingfarmfam419unit
=912  \\$analcatalog
=930  \\$a20140305$b20140404$c00000000
=945  \\$aUIU
=945  \\$p14
=945  \\$aDigiMet
=946  \\$aUSDA
=994  \\$a92$bAGL

