=LDR  03235cam a2200589Ia 4500
=001  9915443387507426
=005  20240620152348.0
=008  890419s1956\\\\dcuab\\\\\\\\f000\0\eng\d
=010  \\$aagr56000323 
=016  7\$aCAT10307502$2DNAL
=019  \\$a70303239$a801817322
=035  \\$a348253
=035  \\$a(OCoLC)15720557$z(OCoLC)70303239$z(OCoLC)801817322
=035  \\$a(DNAL)348253-naldb-Voyager
=035  \\$z(OCoLC)70303239$z(OCoLC)801817322
=040  \\$aRQF$beng$cRQF$dAGL$dIUL$dOCLCQ$dPHA$dOCLCA$dOCLCF$dOCLCQ$dOCLCO$dLHL$dUAB$dNOC$dOCLCA$dSFR
=043  \\$an-us---
=049  \\$aAGLY
=050  \0$aS21$b.A46 no.732
=070  0\$a1$bAg84M no.732
=072  \0$aE700
=072  \0$aQ001
=072  \0$aD500
=086  0\$aA 1.38:732
=245  00$aFederal milk marketing orders :$btheir establishment, terms and operations /$c[by the Dairy Division, Agricultural Marketing Service, U.S. Dept. of Agriculture].
=260  \\$aWashington, D.C. :$bU.S. Dept. of Agriculture, Agricultural Marketing Service,$c1956.
=300  \\$a40 pages :$billustrations, maps ;$c26 cm.
=336  \\$atext$btxt$2rdacontent
=337  \\$aunmediated$bn$2rdamedia
=338  \\$avolume$bnc$2rdacarrier
=490  1\$aMiscellaneous publication / United States Department of Agriculture ;$vno. 732
=505  0\$a1. Introduction : Scope of the milke order program -- The outline of the federal milk orders. pp. 1 -- 2. The general purposes of milk orders. pp. 3 -- 3. Economic and legislative background : Cooperative efforts -- Federal goverment intervention -- Court review -- Economic conditions shape the program. pp. 4 -- 4. Procedures for developing and issuing federal milk orders. pp. 9 -- 5. Principal provisions of a federal milk order. pp. 19 -- 6. Administration of federal milk orders. pp. 32 -- 7. Information needed. pp. 38.
=520  3\$aFederal milk orders are legal instruments which define the terms under which handlers who engage primarily in the handling of milk for fluid distribution in a regulated city market purchase the milk from dairy farmers. The purpose of these orders is to make sure that an ample supply of wholesome milk is available to consumers at all times. This is done by promoting and maintaining orderly marketing of milking by farmers.
=591  \\$bNAL Reclamation
=593  \\$fAgricola CAT
=650  \0$aMilk$xPrices$zUnited States.
=650  \0$aDairy laws$zUnited States.
=651  \7$aUnited States.$2fast$0(OCoLC)fst01204155
=655  \3$aInternet resource.
=710  1\$aUnited States.$bAgricultural Marketing Service.$bDairy Division.$0http://id.loc.gov/authorities/names/n79105811
=776  08$iOnline version:$tFederal milk marketing orders.$dWashington, D.C. : U.S. Dept. of Agriculture, Agricultural Marketing Service, 1956$w(OCoLC)953978239
=830  \0$aMiscellaneous publication (United States. Department of Agriculture) ;$vno. 732.
=841  \\$ax   $b8709220u    0   4   uu   1870922$ez
=852  \\$aDNAL$i1 Ag84M no.732
=856  41$uhttps://archive.org/details/federalmilkmarke732unit
=912  \\$analcatalog
=930  \\$a20140305$b20140404$c00000000
=945  \\$aUIU
=945  \\$p48
=945  \\$aDigiMet
=946  \\$aUSDA
=994  \\$a92$bAGL

