=LDR  02175cam a2200481Ia 4500
=001  9915443430607426
=005  20240620152353.0
=008  890419s1956\\\\dcuabe\\\\\\\f000\0\eng\d
=016  7\$aCAT10307530$2DNAL
=035  \\$a348255
=035  \\$a(OCoLC)15720500
=035  \\$a(DNAL)348255-naldb-Voyager
=040  \\$aRQF$beng$cRQF$dAGL$dOCLCQ$dOCLCF$dOCLCO$dOCLCA$dSFR$dCN3GA
=049  \\$aAGLY
=050  \0$aS21$b.A46 no. 728
=070  0\$a1$bAg84M no.728
=072  \0$aL100
=086  0\$aA 1.38:728
=100  1\$aOta, Hajime,$d1916-
=245  10$aHouses and equipment for laying hens, for loose housing on litter /$c[by Hajime Ota].
=260  \\$aWashington, D.C. :$bU.S. Dept. of Agriculture,$c1956.
=300  \\$a28 pages :$billustrations, 1 map, plans ;$c25 cm.
=336  \\$atext$btxt$2rdacontent
=337  \\$aunmediated$bn$2rdamedia
=338  \\$avolume$bnc$2rdacarrier
=490  1\$aMiscellaneous publication / United States Department of Agriculture ;$vno. 728
=505  0\$aMethods of housing -- Testing effects of housing and flock sizes -- Influence of climate on laying-house design -- Four types of laying houses -- Special problems of the small flock -- Special problems of the large flock -- Space requirements -- Summer comfort -- Winter comfort -- Systems of ventilation -- Insulation and wall finish -- Vapour barrier -- Building the laying house.
=591  \\$bNAL Reclamation
=593  \\$fAgricola CAT
=650  \0$aPoultry$xHousing.$0http://id.loc.gov/authorities/subjects/sh85105901
=655  \3$aInternet resource.
=776  08$iOnline version:$aOta, Hajime, 1916-$tHouses and equipment for laying hens, for loose housing on litter.$dWashington, D.C. : U.S. Dept. of Agriculture, 1956$w(OCoLC)989724862
=830  \0$aMiscellaneous publication (United States. Department of Agriculture) ;$vno. 728.
=841  \\$ax   $b8709220u    0   4   uu   1870922$ez
=852  \\$aDNAL$i1 Ag84M no.728
=856  41$uhttps://archive.org/details/housesequipmentf728otah
=912  \\$analcatalog
=930  \\$a20140305$b20140404$c00000000
=945  \\$aUIU
=945  \\$p40
=945  \\$aDigiMet
=946  \\$aUSDA
=994  \\$a92$bAGL

