=LDR  03228cam a2200565Ia 4500
=001  9915443530507426
=005  20240620152347.0
=008  890419s1960\\\\dcuab\\\\\\\\f000\0\eng\d
=016  7\$aCAT10307366$2DNAL
=019  \\$a802284512
=035  \\$a348246
=035  \\$a(OCoLC)13367242$z(OCoLC)802284512
=035  \\$a(DNAL)348246-naldb-Voyager
=035  \\$z(OCoLC)802284512
=040  \\$aNJL$beng$cNJL$dAGL$dOCLCQ$dFUG$dOCLCQ$dLHL$dOCLCO$dOCLCA$dOCLCF$dOCLCQ$dNOC$dOCLCA$dSFR
=043  \\$an-us---
=049  \\$aAGLY
=050  \0$aS21$b.A46 no.823
=070  0\$a1$bAg84M no.823
=072  \0$aE560
=086  0\$aA 1.38:823
=245  00$aRural telephone service, USA :$ba pictorial history of Rural Electrification Administration's telephone loan program /$cRural Electrification Administration, U.S. Department of Agriculture.
=246  3\$aPictorial history of Rural Electrification Administration's telephone loan program
=260  \\$aWashington D.C. :$bThe Administration,$c1960.
=300  \\$a31 pages :$bchiefly illustrations, 1 map ;$c26 cm.
=336  \\$atext$btxt$2rdacontent
=337  \\$aunmediated$bn$2rdamedia
=338  \\$avolume$bnc$2rdacarrier
=490  1\$aMiscellaneous publication / United States Department of Agriculture ;$vno. 823
=505  0\$a1. "Whoop and Holler." pp. 3 -- 2. A new loan program. pp. 8 -- 3. Picture story: Building a modern system. pp. 12 -- 4. Getting an REA loan. pp. 14 -- 5. Around the world. pp. 17 -- 6. Picture story: The Central office. pp. 18 -- 7. Safeguards. pp. 21 -- 8. The record to date. pp. 24 -- 9. Toward better service. pp. 25 -- 10. Picture story: The people who use the telephones. pp. 29.
=520  3\$aThis book has been written in response to many inquiries from REA-financed telephone systems and many other telephone service organizations throughout the United States. We believe it will prove useful to those who direct the operations of REA borrowers in explaining REA's role to their employees, subscribers, and community leaders. It should also prove informative to telephone systems which have not applied for an REA loan but are considering such a possibility in the future.
=591  \\$bNAL Reclamation
=593  \\$fAgricola CAT
=610  10$aUnited States.$bRural Electrification Administration$0http://id.loc.gov/authorities/names/n79147945
=610  17$aUnited States.$bRural Electrification Administration$2fast$0(OCoLC)fst00539781
=650  \0$aRural telephone.$0http://id.loc.gov/authorities/subjects/sh85115930
=655  \3$aInternet resource.
=710  1\$aUnited States.$bRural Electrification Administration.$0http://id.loc.gov/authorities/names/n79147945
=776  08$iOnline version:$tRural telephone service, USA.$dWashington D.C. : The Administration, 1960$w(OCoLC)953978255
=830  \0$aMiscellaneous publication (United States. Department of Agriculture) ;$vno. 823.
=841  \\$ax   $b8709220u    0   4   uu   1870922$ez
=852  \\$aDNAL$i1 Ag84M no.823
=856  41$uhttps://archive.org/details/ruraltelephonese823unit
=912  \\$analcatalog
=930  \\$a20140305$b20140404$c00000000
=945  \\$aUIU
=945  \\$p36
=945  \\$aDigiMet
=946  \\$aUSDA
=994  \\$a92$bAGL

